3042 4475
231 286 273 349 86
521 253 765 342 SELECTIbNS
794 288 904 343 anon
932 288 1031 343 ovu)

233 488 275 532 ne
294 466 405 533 flectat
427 476 516 534 retro
537 489 597 534 sua
618 468 755 546 lumina,
777 469 883 534 donec
901 469 1057 535 Avernas

233 575 353 641 exierit
376 577 495 654 valles;
519 590 577 644 aut
600 577 701 643 inrita
723 578 812 643 dona
835 578 959 643 futura.

280 682 439 767 Carpitur
459 684 595 750 acclivis
616 706 675 770 per
695 694 790 751 muta
812 685 943 751 silentia
964 696 1098 765 trameS,

232 793 369 870 arduuS,
391 793 563 871 obscurus,
585 793 730 879 caligine
750 794 874 859 densus
894 815 1007 878 opaca.

234 902 305 966 Nec
328 901 443 986 procul
465 902 625 968 afuerunt
645 902 775 967 telluris
796 902 949 988 margine
972 925 1140 970 summae:
1297 920 1323 962 55

233 1010 296 1088 hic,
319 1032 361 1076 ne
380 1010 543 1089 deficeret,
564 1022 726 1091 metuens,
746 1012 932 1096 avidusque
953 1012 1098 1092 videndi,

233 1117 327 1184 flexit
349 1140 468 1184 amans
489 1119 622 1197 oculos;
643 1130 676 1187 et
696 1120 851 1206 protinus
873 1120 930 1185 illa
952 1120 1082 1204 relapsa
1102 1132 1163 1198 est,

233 1227 452 1312 bracchiaque
474 1228 659 1307 intendens,
682 1228 866 1315 prendique
888 1239 920 1295 et
941 1229 1103 1313 prendere
1125 1240 1256 1295 certans
1322 1222 1325 1229 ’

233 1336 280 1400 nil
300 1337 364 1401 nisi
385 1339 538 1403 cedentes
559 1335 681 1402 infelix
699 1336 819 1422 arripit
838 1358 947 1402 auras

237 1445 376 1528 lamque
396 1446 516 1511 iterum
538 1428 686 1511 moriens
704 1468 773 1511 non
793 1457 842 1512 est
862 1447 903 1512 de
923 1446 1067 1532 coniuge
1089 1447 1266 1531 quicquam
1299 1463 1324 1505 60

233 1563 353 1636 questa
376 1575 456 1619 suo:
479 1554 561 1637 quid
583 1555 673 1621 enim
697 1554 760 1620 nisi
785 1577 822 1621 se
843 1566 1037 1640 quereretur
1060 1554 1231 1620 amatam?

235 1659 503 1745 Supremumque
530 1662 660 1741 ‘Vale,'
688 1664 779 1747 quod
806 1663 873 1728 iam
901 1664 960 1729 vix
987 1664 1123 1729 auribus
1151 1664 1206 1729 ille

233 1770 405 1853 acciperet,
427 1771 524 1849 dixit,
547 1772 765 1855 revolutaque
784 1794 900 1839 rursus
922 1774 1039 1839 eodem
1060 1783 1118 1837 est.

280 1877 359 1943 Non
378 1878 476 1944 aliter
495 1880 622 1965 stupuit
641 1881 777 1965 gemina
796 1902 875 1947 nece
894 1881 1047 1966 coniugis
1067 1881 1234 1964 Orpheus

232 2009 333 2071 quam
353 1988 419 2053 tria
438 1989 495 2073 qui
515 1990 665 2067 timidus
684 1990 797 2055 medio
817 2000 973 2074 portante
991 2001 1139 2067 catenas,
1297 2004 1324 2046 ⁶⁵

233 2097 317 2162 colla
337 2096 429 2162 canis
450 2098 545 2176 vidit,
567 2119 666 2182 quem
679 2104 755 2163 'non
775 2120 882 2183 pavor
901 2107 980 2163 ante
1000 2099 1143 2182 reliquit,

232 2228 333 2291 quam
353 2217 474 2274 natura
495 2208 597 2294 prior,
618 2229 701 2275 saxo
721 2229 781 2294 per
800 2229 920 2293 corpus
939 2208 1076 2286 oborto;

233 2317 357 2402 quique
378 2317 412 2382 in
435 2339 470 2383 se
493 2318 619 2384 crimen
641 2318 746 2384 traxit
769 2318 943 2402 voluitque
964 2317 1071 2382 videri

233 2426 360 2492 Olenos
379 2448 452 2492 esse
469 2448 603 2504 nocens,
623 2436 735 2511 tuque,
754 2448 776 2492 o
796 2424 921 2492 confisa
940 2423 1079 2510 figurae,

232 2534 353 2600 infelix
372 2534 534 2613 Lethaea,
553 2546 643 2613 tuae,
662 2534 872 2600 iunctissima
890 2535 1060 2618 quondam

231 2655 377 2730 pectora,
399 2666 488 2711 nunc
509 2645 647 2729 lapideS,
668 2665 753 2729 quos
774 2644 889 2710 umida
910 2644 1051 2709 sustinet
1073 2642 1142 2708 Ide.

231 2753 397 2820 Orantem
418 2752 612 2838 frustraque
630 2752 751 2819 iterum
771 2752 914 2819 transire
934 2753 1101 2818 volentem

231 2863 375 2948 portitor
397 2873 561 2928 arcuerat.
609 2862 745 2947 Septem
767 2873 880 2928 tamen
902 2862 958 2928 ille
978 2861 1095 2927 diebus

232 2972 405 3063 squalidus
423 2971 457 3036 in
476 2972 548 3057 ripa
566 2971 700 3038 Cereris
718 2971 791 3038 sine
807 2992 944 3036 munere
962 2970 1064 3036 sedit:

232 3102 313 3146 cura
336 3081 499 3165 dolorque
521 3081 625 3147 animi
648 3081 872 3164 lacrimaeque
892 3079 1053 3145 alimenta
1077 3077 1180 3144 fuere.

233 3190 317 3255 Esse
339 3190 419 3255 deos
443 3190 543 3256 Erebi
566 3189 716 3255 crudeles
738 3199 886 3273 questus,
910 3189 945 3252 in
967 3188 1071 3253 altam

232 3319 268 3364 se
291 3299 407 3384 recipit
432 3298 619 3383 Rhodopen
642 3298 842 3384 pulsumque
865 3296 1077 3381 aquilonibus
1102 3296 1284 3361 Haemum.
