3042 4475
232 264 272 325 28
523 264 768 321 SELECTIONS
797 265 907 321 FROM
935 267 1035 322 OVID

234 443 426 549 eftwtandem
449 444 564 511 nivibu
606 442 771 530 Rhodope
793 446 951 525 caritura,
975 418 1168 532 Mimasque

235 524 474 637 Dirllly'maque
493 563 525 620 et
586 555 679 638 ycale
697 564 864 639 natusque
883 556 926 621 ad
945 577 1041 621 sacra
1060 556 1254 623 Cithaeron.

235 660 268 727 N
271 680 308 727 ec
324 674 466 747 prosunt
484 661 643 747 Scythiae
660 684 721 729 sua
740 663 889 749 frigora:
908 664 1080 731 Caucasus
1097 667 1193 731 ardet

235 770 389 856 Ossaque
412 792 488 838 cum
513 772 624 838 Pindo
646 773 821 857 maiorque
844 774 1008 841 ambobus
1030 774 1198 860 Olympus
1287 789 1326 827 2⁹⁶
1392 792 1396 801 ·

234 879 416 965 aeriaeque
436 880 542 965 Alpes
563 891 595 949 et
616 882 753 948 nubifer
774 882 1008 967 Appenninus.

280 990 369 1056 Tum
392 1011 472 1056 vero
494 991 672 1058 Pha‘e'thon
692 992 822 1058 cunctis
842 1015 860 1059 e
879 993 1031 1077 partibus
1052 994 1168 1061 orbem

234 1098 376 1183 adspicit
399 1120 585 1178 accensum,
610 1122 670 1166 nec
694 1110 807 1167 tantos
831 1102 974 1169 sustinet
997 1112 1119 1182 aestus,

236 1207 473 1293 ferventesque
493 1229 594 1275 auras
615 1210 706 1275 velut
727 1232 745 1277 e
769 1210 907 1278 fornace
926 1212 1098 1297 profunda

234 1338 293 1385 ore
313 1315 426 1395 trahit,
448 1339 631 1402 currusque
652 1340 731 1384 suos
751 1321 948 1387 candescere
969 1321 1087 1400 sentit;

234 1436 267 1493 et
288 1447 398 1511 neque
420 1426 488 1493 iam
510 1427 638 1494 cineres
661 1428 904 1513 eiectatamque
927 1430 1078 1497 favillam

236 1536 325 1601 ferre
346 1546 465 1621 potest,
489 1537 664 1620 calidoque
686 1538 871 1603 involvitur
892 1540 1040 1623 undique
1063 1541 1170 1619 fum0,

234 1666 367 1729 quoque
387 1656 452 1724 eat,
472 1654 531 1712 aut
550 1646 606 1712 ubi
626 1646 680 1724 sit,
699 1648 793 1732 picea
811 1648 958 1734 caligine
976 1660 1083 1715 tectus

235 1753 349 1832 nescit,
370 1764 403 1819 et
423 1754 563 1821 arbitrio
584 1756 758 1822 volucrum
780 1767 932 1841 raptatur
952 1779 1124 1842 equorum.

235 1860 411 1948 Sanguine
428 1872 500 1930 tum
517 1865 659 1931 credunt
677 1865 711 1929 in
728 1886 870 1951 corpora
888 1888 1019 1933 summa
1037 1878 1158 1933 vocato

234 1972 443 2056 Aethiopum
463 1975 605 2059 populos
624 1973 762 2060 nigrum
781 1975 928 2043 traxisse
947 1977 1102 2044 colorem.

234 2080 324 2148 Tum
345 2082 434 2149 lacta
454 2093 504 2150 est
523 2083 630 2169 Libye
649 2084 753 2168 raptis
773 2085 946 2152 umoribus
965 2096 1062 2152 aestu

233 2191 340 2272 arida,
362 2203 436 2259 tum
459 2193 630 2278 nymphae
652 2194 760 2280 passis
786 2193 963 2281 fontesque
986 2195 1144 2281 lacusque

233 2301 400 2368 deflevere
420 2303 544 2369 comis:
564 2303 695 2386 quaerit
715 2303 856 2369 Boeotia
876 2304 1011 2384 Dircen,

233 2412 348 2498 Argos
368 2411 595 2497 Amymonen,
617 2412 754 2498 Ephyre
773 2413 952 2479 Pirenidas
971 2414 1090 2480 undas

235 2521 307 2588 Nec
327 2521 447 2588 sortita
467 2521 541 2588 loco
560 2521 725 2588 distantes
744 2521 884 2588 flumina
905 2523 995 2607 ripas

233 2640 306 2697 tuta
329 2640 484 2697 manent:
507 2631 628 2697 mediis
652 2631 779 2697 Tanais
805 2630 949 2696 fumavit
973 2632 1007 2696 in
1030 2632 1141 2710 undis,

234 2739 432 2824 Peneusque
454 2761 558 2806 senex
579 2740 897 2824 Teuthranteusque
919 2740 1041 2806 Caicus

232 2858 264 2914 et
288 2848 374 2914 celer
398 2849 550 2915 Ismenos
573 2871 651 2916 cum
675 2849 846 2933 Phegiaco
872 2849 1093 2934 Erymanth0,

232 2977 437 3042 arsumsque
458 2957 580 3024 iterum
601 2959 761 3025 Xanthus
782 2959 957 3043 flavusque
977 2959 1174 3044 Lycormas,

233 3065 357 3150 quique
376 3067 561 3134 recurvatis
580 3067 666 3133 ludit
685 3067 895 3133 Maeandrus
915 3067 950 3132 in
969 3067 1080 3144 undis,

233 3175 509 3260 Mygdoniusque
532 3176 643 3242 Melas
665 3187 698 3242 et
720 3175 912 3241 Taenarius
935 3177 1092 3242 Eurotas.

231 3284 326 3354 Arsit
345 3295 378 3352 et
399 3287 591 3373 Euphrates
611 3287 830 3373 Babylonius,
850 3287 933 3354 arsit
953 3287 1102 3356 Orontes

231 3392 517 3481 Thermodonque
538 3396 625 3463 citus
647 3395 852 3480 Gangesque
871 3407 905 3462 et
927 3395 1048 3461 Phasis
1068 3406 1102 3461 et
1124 3396 1252 3461 Hister.

231 3503 374 3571 Aestuat
395 3505 559 3591 Alpheus,
581 3505 674 3590 ripae
695 3504 914 3590 Spercheides
934 3505 1064 3582 ardent,
1285 3520 1328 3566 aso
1396 3509 1399 3514 '

229 3615 388 3699 quodque
408 3637 471 3681 suo
490 3615 610 3701 Tagus
628 3636 729 3681 amne
749 3614 851 3692 vehit,
872 3614 946 3681 fluit
967 3614 1104 3699 ignibus
1124 3636 1257 3684 aurum.

229 3734 261 3790 et
281 3745 369 3808 quae
388 3723 567 3790 hlammas
586 3724 801 3790 celebrabant
820 3723 969 3790 carmine
987 3724 1078 3807 ripas

230 3831 409 3902 llumineae
429 3833 593 3912 volucres,
613 3831 727 3900 medio
747 3832 879 3900 caluere
900 3831 1055 3918 Caystro.
