3042 4475
653 252 815 309 TRISTIA

188 433 345 521 Corpora
369 434 590 521 magnanimo
612 434 693 501 satis
716 444 767 501 est
790 444 979 519 prostrasse
1001 434 1099 515 leoni,

234 565 351 629 pugna
375 565 475 609 suum
496 542 608 622 finem,
631 564 709 609 cum
731 542 818 610 iacet
839 542 956 621 hostis,
979 543 1098 611 habet:

185 663 223 719 at
243 654 341 738 lupus
361 664 394 720 et
413 663 530 737 turpes
550 651 676 718 instant
695 651 919 719 morientibus
939 652 1009 718 ursi

233 773 267 828 et
289 782 520 846 quaecumque
541 760 653 827 minor
674 760 852 828 nobilitate
874 760 958 827 iera.

188 870 306 937 Maius
324 870 415 956 apud
434 869 577 935 Troiam
596 869 678 936 iorti
697 870 779 955 quid
798 870 959 937 habemus
976 868 1131 936 Achille?

234 979 402 1045 Dardanii
423 978 579 1045 lacrimas
596 999 666 1045 non
684 980 762 1046 tulit
781 980 835 1047 ille
853 980 952 1047 senis.

186 1089 287 1174 Quae
304 1088 399 1154 ducis
417 1087 569 1154 Emathii
590 1087 692 1155 fuerit
709 1089 896 1180 clementia,
916 1090 1024 1156 Porus

233 1196 408 1282 Dareique
427 1197 552 1264 docent
573 1194 704 1264 funeris
724 1198 898 1283 exequiae.

188 1306 288 1374 Neve
306 1306 483 1373 hominum
504 1304 650 1374 referam
671 1306 778 1373 flexas
797 1308 840 1373 ad
860 1306 977 1374 mitius
998 1306 1083 1375 iras:

233 1414 377 1483 Iunonis
395 1436 501 1502 gener
518 1426 580 1495 est,
598 1416 655 1502 qui
674 1416 768 1502 prius
785 1416 891 1484 hostis
909 1426 990 1483 erat.

187 1524 344 1609 Denique
362 1547 430 1592 non
448 1546 588 1611 possum
607 1526 734 1592 nullam
754 1545 888 1611 sperare
904 1526 1056 1603 salutem,

231 1655 311 1701 cum
330 1655 462 1719 poenae
481 1656 551 1701 non
572 1634 615 1701 sit
634 1655 735 1701 causa
754 1644 893 1701 cruenta
911 1654 1015 1701 meae.

187 1743 269 1809 Non
287 1743 383 1821 mihi,
402 1743 576 1829 quaerenti
596 1744 814 1829 pessumdare
833 1752 962 1821 cuncta,
983 1742 1124 1827 petitum

231 1850 438 1919 Caesareum
453 1862 554 1937 caput
569 1861 630 1931 est,
646 1853 737 1937 quod
753 1862 854 1937 caput
869 1851 960 1918 orbis
976 1860 1065 1918 erat:

183 1983 253 2028 non
275 1959 405 2046 aliquid
426 1961 510 2040 dixi,
531 1962 744 2046 velandaque
765 1961 882 2046 lingua
905 1960 1015 2026 locuta
1038 1970 1099 2037 est,

232 2072 395 2156 lapsaque
420 2081 499 2137 sunt
522 2069 628 2138 nimio
651 2072 753 2138 verba
776 2069 921 2155 profana
945 2089 1047 2136 mero.

186 2179 298 2248 Inscia
317 2182 407 2267 quod
427 2180 554 2248 crimen
573 2180 730 2248 viderunt
748 2178 887 2259 lumina,
905 2178 1041 2264 plector,

231 2300 476 2376 peccatumque
493 2291 609 2358 oculos
627 2302 677 2358 est
694 2291 851 2358 habuisse
870 2312 993 2358 mcum.

186 2398 269 2465 Non
286 2399 442 2484 equidem
462 2410 570 2466 totam
584 2421 723 2486 possum
739 2400 921 2468 defendere
937 2401 1088 2484 culpam:

232 2509 292 2574 sed
314 2519 444 2593 partem
465 2509 572 2576 nostri
593 2510 745 2576 criminis
765 2530 858 2576 error
878 2509 988 2575 habet.

187 2615 272 2701 Spes
296 2617 402 2702 igitur
425 2628 586 2703 superest,
613 2618 793 2697 iacturum,
815 2627 853 2684 ut
875 2616 1004 2683 molliat
1028 2617 1099 2701 ipse

233 2725 354 2791 mutati
379 2746 524 2812 poenam
548 2727 745 2795 condicione
768 2726 842 2793 loci.

189 2833 265 2898 Hos
280 2834 412 2901 utinam
429 2835 527 2902 nitidi
546 2835 636 2902 Solis
651 2836 870 2922 praenuntius
885 2844 980 2901 ortus

232 2942 368 3009 adferat
389 2944 539 3011 admisso
560 2944 698 3011 Lucifer
718 2945 814 3011 albus
835 2943 939 3029 equo!

358 3253 425 3322 TO
462 3253 545 3321 HIS
581 3255 858 3322 DAUGHTER
895 3255 1104 3322 PERILLA

623 3437 728 3503 (νην.
753 3435 788 3497 ir,
807 3437 835 3503 7)

262 3601 343 3687 [G0,
374 3603 480 3681 letter,
510 3604 576 3669 and
606 3615 700 3688 greet
729 3605 861 3671 Perille.
915 3605 994 3672 You
1023 3605 1092 3672 will
1118 3605 1187 3672 find
1218 3606 1278 3672 her

187 3711 294 3778 either
308 3711 391 3778 with
404 3712 465 3778 her
478 3713 610 3778 mother
624 3735 663 3778 or
676 3714 761 3799 busy
775 3714 857 3781 with
872 3714 1008 3799 literary
1022 3714 1126 3781 work.
1155 3714 1276 3780 What-

189 3841 266 3886 ever
284 3822 342 3887 she
361 3843 439 3906 may
458 3821 499 3888 be
515 3821 631 3906 doing,
652 3823 710 3887 she
728 3823 797 3889 will
815 3824 908 3888 leave
925 3822 950 3889 it
970 3824 1068 3889 when
1087 3844 1154 3908 you
1172 3844 1276 3901 come,
