3042 4475
515 284 598 337 THE
626 285 986 340 METAMORPHOSES

204 473 292 527 terra
317 462 426 541 ferax,
449 464 531 529 dum
553 476 642 531 terra
666 464 742 543 fuit,
766 466 824 532 sed
846 478 999 551 ternpore
1022 468 1055 532 in
1080 469 1137 533 illo

205 592 282 655 pars
296 573 401 637 maris
415 583 448 638 et
462 574 549 637 latus
562 573 748 639 subitarum
764 596 902 659 campus
915 596 1090 662 aquarum,

206 680 309 745 Mons
332 680 377 746 ibi
402 682 582 747 verticibus
604 682 686 767 petit
708 683 836 749 arduus
856 694 948 750 astra
970 684 1113 764 duobus,

203 790 339 857 nomine
360 790 543 869 Parnasus,
563 803 788 877 superantque
807 794 984 859 cacumina
1003 795 1118 860 nubes

204 899 271 966 Hic
291 899 347 965 ubi
369 900 558 967 Deucalion
585 901 683 985 (nam
702 912 813 968 cetera
831 912 968 969 texerat
988 904 1133 987 aequor)

203 1031 278 1075 curn
298 1020 454 1076 consorte
473 1010 537 1075 tori
557 1031 662 1095 parva
681 1022 752 1077 rate
772 1021 887 1077 vectus
905 1012 1069 1087 adhaesit,

204 1118 389 1204 Corycidas
408 1119 574 1204 nymphas
592 1126 626 1185 et
645 1119 785 1185 numina
802 1120 930 1187 montis
946 1120 1091 1187 adorant

204 1226 445 1312 fatidicamque
467 1228 622 1307 Themin,
645 1250 733 1313 quae
752 1239 833 1295 tunc
854 1229 968 1295 oracla
990 1230 1134 1297 tenebat.

203 1337 282 1402 Non
301 1337 358 1402 illo
375 1337 498 1403 melior
514 1337 693 1423 quisquam
711 1359 775 1404 nec
791 1338 961 1405 amantior
977 1339 1075 1423 aequi

201 1447 254 1512 vir
272 1446 355 1527 fuit,
366 1458 426 1513 aut
444 1447 500 1512 illa
517 1447 723 1527 metuentior
739 1447 807 1513 ulla
825 1448 974 1513 deorum.

203 1556 354 1642 Iuppiter
374 1567 411 1623 ut
434 1556 570 1642 liquidis
592 1548 752 1643 stagnare
773 1557 952 1642 paludibus
973 1558 1089 1625 orbern

201 1678 234 1733 et
248 1687 422 1750 superesse
438 1665 529 1732 videt
543 1666 587 1733 de
599 1676 650 1732 tot
664 1666 768 1732 modo
784 1666 919 1731 milibus
935 1688 1051 1744 unum,

200 1786 232 1842 et
253 1796 428 1860 superesse
450 1774 544 1843 videt
566 1776 607 1841 de
626 1785 677 1841 tot
697 1777 800 1841 modo
820 1776 956 1841 milibus
977 1797 1091 1856 unam,

201 1885 364 1951 innocuos
385 1884 514 1963 ambos
537 1884 682 1951 cultores
703 1882 852 1950 huminis
872 1885 1000 1963 ambos,

200 1994 315 2060 nubila
330 1994 472 2072 disiecit,
490 1993 678 2078 nimbisque
695 1993 867 2079 Aquilone
882 1994 1020 2060 remotis

200 2115 232 2170 et
247 2105 339 2169 caelo
355 2114 463 2169 terras
479 2100 628 2169 ostendit
644 2113 677 2169 et
694 2102 829 2169 aethera
845 2103 955 2169 terris.

203 2213 235 2280 N
237 2235 274 2280 ec
288 2213 399 2306 maris!
413 2212 464 2278 ira
481 2222 603 2292 manet,
625 2210 802 2297 positoque
818 2212 1001 2297 tricuspide
1017 2213 1084 2280 telo

200 2325 320 2389 mulcet
342 2344 447 2407 aquas
468 2333 578 2388 rector
598 2321 718 2406 pelagi,
742 2342 909 2407 supraque
929 2322 1138 2406 profundum

200 2442 392 2498 exstantem
411 2442 512 2517 atque
531 2453 667 2497 umeros
687 2431 804 2497 innato
823 2431 950 2497 murice
967 2442 1093 2498 tectum

199 2542 388 2607 caeruleum
409 2539 553 2606 Tritona
574 2549 682 2618 vocat,
705 2541 917 2624 conchaeque
937 2540 1069 2606 sonanti

200 2650 362 2735 inspirare
387 2649 487 2727 iubet,
512 2648 698 2733 fluctusque
721 2659 754 2714 et
778 2649 918 2714 flumina
941 2649 1040 2734 signo

202 2758 267 2824 iam
288 2779 447 2824 revocare
466 2757 562 2823 dato:
602 2756 695 2824 Cava
714 2757 835 2823 bucina
855 2757 999 2823 sumitur
1018 2756 1076 2836 illi,

199 2867 330 2946 tortilis,
352 2867 388 2932 in
407 2868 513 2933 latum
532 2889 618 2951 quae
637 2866 771 2934 turbine
790 2867 907 2934 crescit
926 2868 968 2933 ab
988 2867 1067 2946 imo,

199 2977 329 3055 bucina,
347 2997 434 3061 quae
451 2976 563 3043 medio
579 2977 731 3061 concepit
747 2977 804 3042 ubi
821 2979 903 3043 a‘e'ra
920 2987 1034 3061 ponto,

77 3123 81 3132 ι
199 3087 402 3154 litoravoce
424 3088 530 3170 replet
551 3088 613 3153 sub
632 3098 777 3172 utroque
796 3086 939 3152 iacentia
962 3087 1107 3153 Phoebo.

199 3196 295 3263 Tunc
315 3218 462 3281 quoque,
484 3208 521 3263 ut
541 3218 601 3262 ora
622 3197 676 3261 dei
696 3196 835 3262 madida
856 3195 1006 3262 rorantia
1027 3197 1131 3263 barba

199 3305 350 3390 contigit,
374 3315 408 3371 et
430 3305 548 3372 cecinit
572 3305 681 3384 iussos
704 3305 820 3371 inflata
842 3316 1004 3389 receptus,

199 3414 354 3481 omnibus
374 3413 490 3480 audita
510 3424 560 3480 est
579 3413 707 3480 telluris
726 3424 759 3480 et
777 3413 933 3499 aequoris
953 3412 1063 3492 undis,

200 3534 231 3590 et
249 3524 370 3610 quibus
391 3533 441 3590 est
460 3522 560 3589 undis
580 3522 707 3602 audita,
728 3522 877 3589 coercuit
897 3537 1023 3589 omnes.

203 3633 272 3699 Iam
293 3653 386 3700 mare
406 3631 485 3698 litus
505 3631 622 3709 habet;
643 3632 759 3716 plenos
780 3632 868 3716 capit
888 3634 1003 3698 alveus
1024 3654 1157 3711 amnes;

203 3740 338 3808 flumina
363 3739 558 3817 subsidunt;
582 3740 748 3824 collesque
772 3740 866 3807 exire
889 3740 1046 3807 videntur
1054 3763 1062 3819 ;

202 3850 309 3934 surgit
331 3850 473 3926 humus;
495 3858 648 3914 crescunt
670 3848 742 3916 loca
764 3849 1030 3915 decrescentibus
1053 3847 1162 3916 undis.
