3042 4475
216 281 255 363 56
504 281 748 341 semcnous
778 283 888 342 mou
916 283 1015 342 ovio

214 484 290 528 curn
310 464 358 529 sic
373 464 497 548 hospes
516 464 581 530 ait:
602 464 858 531 ‘Lacrimarum
878 465 980 551 longa
1000 486 1136 531 manere
1269 478 1307 523 effi

216 582 367 657 tempora
384 596 444 639 vos
459 585 635 658 poterunt:
651 575 694 639 ad
709 595 810 658 opem
825 574 936 640 brevis
952 576 1035 639 hora
1051 574 1227 640 ferendam
1244 584 1303 639 est.

216 683 317 748 Hanc
337 704 402 768 ego
423 682 449 747 si
470 693 616 767 peterem
638 684 780 748 Perseus
801 683 882 749 Iove
902 695 1002 750 natus
1023 695 1057 750 et
1078 684 1146 779 illa,

215 813 317 876 quam
340 792 488 857 clausam
511 792 665 877 implevit
689 791 836 859 fecundo
859 792 1010 879 Iuppiter
1031 815 1125 871 aur0,

217 902 387 986 Gorgonis
408 902 632 987 anguicomae
653 902 798 968 Perseus
819 914 995 988 superator
1014 915 1047 970 et
1067 903 1130 969 alis

216 1008 327 1075 adrias
344 1032 447 1077 ausus
462 1011 595 1078 iactatis
611 1012 661 1079 ire
672 1033 731 1097 per
744 1033 855 1092 auras,

216 1118 405 1202 praeferrer
425 1120 554 1185 cunctis
574 1131 663 1187 certe
682 1141 797 1207 gener.
841 1121 981 1188 Addere
1001 1121 1104 1188 tantis

216 1227 351 1293 dotibus
373 1238 405 1294 et
426 1228 595 1307 meritum,
621 1229 758 1294 faveant
779 1231 881 1296 modo
901 1232 1051 1308 numina,
1073 1240 1200 1314 tempto
1213 1254 1238 1311 :q

216 1349 254 1404 ut
273 1358 348 1403 mea
368 1336 412 1405 sit
432 1348 565 1404 servata
585 1359 662 1404 mea
683 1339 821 1419 virtute,
842 1339 1034 1425 paciscor.'=

263 1447 445 1531 Accipiunt
470 1447 581 1532 legem
611 1446 705 1532 (quis
729 1448 820 1515 enim
844 1450 1054 1533 dubitaret?)
1084 1459 1116 1515 et
1140 1460 1239 1515 orant

216 1555 484 1640 promittuntque
505 1577 604 1640 super
625 1578 769 1641 regnum
791 1557 903 1625 dotale
924 1569 1086 1643 parentes.
1272 1573 1311 1616 ⁷0⁵

264 1665 352 1731 Ecce
375 1666 467 1731 velut
487 1666 586 1731 navis
606 1664 758 1751 praefixo
777 1667 909 1732 concita
931 1677 1041 1732 rostro
1136 1648 1140 1664 ,

218 1774 325 1840 sulcat
346 1796 463 1859 aquas,
485 1774 648 1841 iuvenum
670 1776 869 1842 sudantibus
889 1786 965 1841 acta
987 1776 1129 1856 lacertis,

218 1884 265 1950 sic
288 1884 362 1949 fera
383 1884 521 1950 dimotis
542 1884 688 1969 impulsu
709 1884 853 1971 pectoris
874 1885 975 1950 undis
1124 1873 1131 1883 ⁸

217 2004 350 2060 tanturn
371 1993 488 2059 aberat
507 1994 663 2078 scopulis,
683 1994 1043 2078 quantum-Balearica
1063 2006 1154 2061 torto

219 2103 326 2168 funda
346 2112 457 2186 potest
478 2102 615 2187 plumbo
637 2103 737 2168 medii
760 2103 989 2170 transmittere
1010 2104 1110 2169 caeli:

218 2234 295 2278 cum
320 2211 434 2280 subito
456 2210 587 2279 iuvenis
612 2212 753 2298 pedibus
778 2212 899 2280 tellure
924 2214 1055 2298 repulsa

218 2324 345 2389 arduus
365 2322 400 2388 in
420 2322 529 2389 nubes
548 2322 641 2388 abiit.
686 2321 791 2388 Utin
810 2343 958 2407 aequore
978 2345 1111 2390 summo

219 2433 338 2498 umbra
359 2431 423 2499 viri
445 2431 518 2498 visa
540 2442 601 2510 est,
623 2430 696 2498 visa
718 2430 791 2497 fera
813 2432 921 2498 saevit
943 2431 978 2496 in
1000 2434 1129 2498 umbra.

220 2542 335 2626 thue
358 2541 451 2608 Iovis
474 2562 623 2626 praepes,
647 2562 755 2607 vacuo
778 2563 855 2606 cum
879 2541 964 2607 vidit
987 2543 1022 2606 in
1045 2563 1129 2608 arvo

217 2651 431 2736 praebentem
451 2650 588 2716 Phoebo
607 2650 745 2716 liventia
765 2661 860 2734 terga
880 2651 1070 2730 draconem,

218 2771 359 2846 occupat
380 2782 548 2837 aversum,
569 2781 638 2825 neu
660 2780 762 2825 saeva
783 2770 975 2842 retorqueat
996 2781 1067 2839 ora,

219 2869 443 2955 squamigeris
463 2869 583 2934 avidos
602 2867 677 2953 figit
697 2867 882 2934 cervicibus
902 2889 1043 2953 ungues,

220 2979 266 3044 sic
289 2978 389 3044 celeri
412 2977 536 3044 missus
557 2997 718 3062 praeceps
740 2998 802 3062 per
824 2977 925 3043 inane
946 2979 1062 3044 volatu

219 3099 315 3173 terga
340 3086 433 3152 ferae
454 3087 586 3171 pressit,
610 3086 798 3169 dextroque
823 3085 997 3152 frementis
1021 3087 1055 3151 in
1079 3108 1176 3154 armo

220 3193 397 3260 Inachides
418 3194 547 3259 ferrum
567 3215 673 3259 curvo
695 3204 793 3260 tenus
813 3195 943 3261 abdidit
963 3196 1074 3261 hamo,

265 3303 417 3370 Vulnere
437 3304 528 3369 laesa
547 3304 646 3389 gravi
666 3305 770 3371 modo
790 3326 826 3371 se
847 3305 999 3371 sublimis
1020 3305 1055 3370 in
1076 3327 1177 3372 auras

219 3416 353 3495 attollit,
372 3416 475 3482 modo
493 3417 606 3483 subdit
624 3417 732 3501 aquis,
750 3417 854 3483 modo
872 3439 967 3483 more
985 3416 1107 3483 ferocis

220 3539 331 3594 versat
353 3526 437 3611 apri,
459 3548 561 3612 quern
583 3529 682 3594 turba
703 3549 827 3594 canum
848 3527 1059 3593 circumsona
1082 3537 1195 3594 terret.

221 3636 281 3701 Ille
303 3637 422 3702 avidos
445 3659 579 3703 morsus
603 3637 772 3702 velocibus
795 3636 917 3721 effugit
941 3638 1013 3714 alis,

219 3765 351 3829 quaque
367 3756 469 3829 patet,
487 3767 576 3811 nunc
592 3755 689 3830 terga
707 3745 799 3811 cavis
818 3767 917 3829 super
935 3746 1043 3812 obsita
1062 3749 1208 3826 conchis,
1275 3765 1314 3808 us

220 3876 309 3921 nunc
329 3855 473 3921 laterum
492 3866 614 3932 costas,
634 3876 724 3920 nunc
743 3876 809 3938 qua
829 3855 1027 3921 tenuissima
1046 3858 1154 3923 cauda
