3042 4475
242 290 279 349 18
529 286 775 341 SELECTIONS
803 286 913 341 FROM
941 286 1042 341 OVID

241 464 310 549 Qui
337 476 449 531 tamen
477 466 673 552 insequitur,
700 466 819 551 pennis
844 466 980 534 adiutus
1006 466 1132 532 amoris
1294 479 1333 522 5¹⁰

239 574 333 639 ocior
351 584 402 640 est
422 575 640 660 requiemque
656 586 760 661 negat
777 584 941 660 tergoque
960 574 1095 660 fugacis

241 681 384 751 inminet
409 693 443 750 et
468 684 596 750 crinem
620 705 775 770 sparsum
798 683 983 750 cervicibus
1006 682 1122 749 adflat.

240 791 380 859 Viribus
402 793 589 877 absumptis
611 793 775 878 expalluit
796 792 864 871 illa,
886 792 1037 877 citaeque

240 902 328 969 victa
348 903 461 969 labore
482 901 596 989 fugae,
616 913 771 989 spectans
792 904 955 970 Peneidas
974 904 1094 982 undas,

240 1011 248 1038 ‘
264 1012 338 1090 Fer,
356 1010 472 1097 pater,’
491 1012 598 1097 inquit
616 1011 746 1097 ‘opem,
766 1013 794 1078 si
812 1012 951 1078 flumina
967 1034 1091 1078 numen
1109 1012 1255 1078 habetis!
1295 1026 1334 1069 ⁵⁴5

239 1119 316 1205 Qua
336 1120 479 1187 nimium
498 1121 619 1205 placui,
638 1122 805 1188 mutando
823 1122 924 1207 perde
942 1121 1106 1207 figuram!
1121 1119 1129 1145 '

285 1228 358 1296 Vix
378 1251 477 1314 prece
498 1229 604 1308 finita,
626 1241 743 1315 torpor
762 1229 879 1316 gravis
899 1242 1042 1315 occupat
1062 1241 1174 1306 artus;

238 1338 352 1404 mollia
371 1338 557 1424 cinguntur
574 1338 666 1405 tenui
685 1334 887 1424 praecordia
902 1339 998 1417 libro,

241 1446 274 1511 in
291 1446 447 1514 frondem
460 1447 580 1527 crineS,
596 1447 631 1513 in
646 1468 760 1513 ramos
774 1448 928 1513 bracchia
944 1459 1106 1526 crescunt,
1295 1463 1334 1504 555

238 1574 306 1639 peS,
329 1556 431 1622 modo
452 1567 523 1622 tam
545 1557 656 1634 velox,
677 1556 786 1642 pigris
808 1555 977 1622 radicibus
998 1557 1127 1643 haeret,

240 1685 300 1729 ora
323 1685 482 1731 cacumen
507 1665 595 1743 obit;
620 1675 770 1730 remanet
794 1665 885 1730 nitor
909 1686 996 1730 unus
1020 1664 1055 1729 in
1080 1665 1145 1730 illa.

239 1772 341 1840 Hanc
357 1796 491 1859 quoque
507 1774 663 1841 Phoebus
679 1785 783 1853 amat,
800 1773 977 1859 positaque
994 1773 1028 1838 in
1045 1774 1159 1858 stipite
1176 1775 1297 1839 dextra

239 1882 339 1949 sentit
361 1883 471 1949 adhuc
492 1883 661 1967 trepidare
682 1905 773 1949 novo
796 1884 857 1949 sub
878 1883 1001 1949 cortice
1022 1892 1150 1968 pectus,

239 1992 500 2076 complexusque
522 1992 591 2057 suis
614 2012 738 2070 ramos,
760 2002 798 2056 ut
820 1991 980 2069 membra,
1003 1991 1135 2057 lacertis
1295 2006 1334 2048 555

237 2100 352 2167 oscula
371 2100 429 2167 dat
449 2100 562 2186 ligno:
582 2100 710 2187 refugit
728 2111 844 2167 tamen
862 2101 976 2167 oscula
995 2100 1135 2186 lignum.

284 2208 346 2276 Cui
365 2209 448 2276 deus
468 2208 538 2276 ‘At
555 2209 715 2296 quoniam
735 2210 884 2277 coniunx
901 2229 977 2276 mea
995 2231 1063 2275 non
1080 2220 1176 2294 potes
1194 2230 1278 2287 esse,

238 2319 339 2384 arbor
359 2317 425 2384 eris
446 2318 558 2385 certe’
581 2319 669 2385 dixit
691 2318 798 2385 ‘mea
845 2318 984 2403 Semper
1004 2319 1172 2384 habebunt

238 2438 272 2494 te
290 2449 397 2506 coma,
418 2440 452 2495 te
470 2428 633 2507 citharae,
653 2440 688 2496 te
708 2439 853 2505 nostrae,
874 2428 977 2504 lame,
998 2427 1195 2511 pharetrae:

239 2547 276 2603 tu
295 2535 435 2603 ducibus
451 2537 559 2602 Latiis
577 2536 697 2614 aderis,
717 2557 793 2601 cum
813 2536 899 2600 laeta
915 2535 1125 2619 triumphum
1295 2551 1335 2593 seo

238 2668 307 2712 vox
331 2656 437 2723 canet,
462 2656 495 2711 et
518 2646 628 2712 visent
653 2647 773 2729 longas
798 2643 965 2728 Capitolia
988 2664 1146 2728 pompas:

237 2753 388 2837 postibus
414 2753 582 2838 Augustis
608 2753 726 2818 eadem
751 2750 914 2818 fidissima
939 2762 1052 2817 custos

238 2872 317 2927 ante
338 2860 428 2926 iores
448 2860 562 2939 stabis,
583 2861 798 2943 mediamque
818 2859 956 2926 tuebere
976 2880 1153 2943 quercum:

219 2961 222 2974 '
238 2979 341 3054 utque
359 2992 472 3036 meum
493 2969 635 3036 intonsis
655 2979 756 3054 caput
775 2978 825 3034 est
845 2968 998 3034 iuvenale
1016 2967 1155 3052 capillis,

241 3086 276 3143 tu
291 3100 425 3163 quoque
438 3090 617 3164 perpetuos
632 3097 764 3162 semper
778 3097 858 3161 gere
874 3075 1006 3141 frondis
1021 3075 1187 3141 honores'
1296 3093 1336 3135 sss

287 3185 437 3251 Finierat
461 3187 597 3254 Paean:
623 3185 723 3252 iactis
746 3185 849 3250 modo
871 3182 985 3248 laurea
1008 3183 1110 3247 ramis

240 3294 368 3371 adnuit,
392 3305 495 3378 utque
517 3306 618 3379 caput
640 3294 713 3358 visa
737 3302 787 3357 est
810 3291 958 3376 agitasse
979 3311 1147 3356 cacumen.
