<?xml version="1.0" encoding="UTF-8"?>
<!DOCTYPE html PUBLIC "-//W3C//DTD XHTML 1.0 Transitional//EN"
    "http://www.w3.org/TR/xhtml1/DTD/xhtml1-transitional.dtd">
<html xmlns="http://www.w3.org/1999/xhtml" xml:lang="en" lang="en">
 <head>
  <title>
</title>
<meta http-equiv="Content-Type" content="text/html;charset=utf-8" />
  <meta name='ocr-system' content='tesseract 3.04.00' />
  <meta name='ocr-capabilities' content='ocr_page ocr_carea ocr_par ocr_line ocrx_word'/>
</head>
<body>
  <div class='ocr_page' id='page_1' title='image "./selectionsfromo01ovidgoog_0184.png"; bbox 0 0 3042 4475; ppageno 0'>
   <div class='ocr_carea' id='block_1_1' title="bbox 236 289 1036 353">
    <p class='ocr_par' dir='ltr' id='par_1_1' title="bbox 236 289 1036 353">
     <span class='ocr_line' id='line_1_1' title="bbox 236 289 1036 353; baseline -0.01 0"><span class='ocrx_word' id='word_1_1' title='bbox 236 307 295 353; x_wconf 88' lang='lat'>122</span> <span class='ocrx_word' id='word_1_2' title='bbox 525 290 770 345; x_wconf 87' lang='lat' dir='ltr'>SELECTIONS</span> <span class='ocrx_word' id='word_1_3' title='bbox 798 289 910 345; x_wconf 86' lang='lat' dir='ltr'><strong>FROM</strong></span> <span class='ocrx_word' id='word_1_4' title='bbox 938 291 1036 347; x_wconf 92' lang='lat' dir='ltr'>OVID</span> 
     </span>
    </p>
   </div>
   <div class='ocr_carea' id='block_1_2' title="bbox 231 468 1230 3933">
    <p class='ocr_par' dir='ltr' id='par_1_2' title="bbox 233 468 1098 556">
     <span class='ocr_line' id='line_1_2' title="bbox 233 468 1098 556; baseline 0.005 -23"><span class='ocrx_word' id='word_1_5' title='bbox 233 468 461 552; x_wconf 90' lang='lat' dir='ltr'>-Emathiaque</span> <span class='ocrx_word' id='word_1_6' title='bbox 481 470 601 535; x_wconf 91' lang='lat' dir='ltr'>iterum</span> <span class='ocrx_word' id='word_1_7' title='bbox 622 469 801 536; x_wconf 87' lang='lat' dir='ltr'>madefient</span> <span class='ocrx_word' id='word_1_8' title='bbox 820 471 922 537; x_wconf 87' lang='lat' dir='ltr'>caede</span> <span class='ocrx_word' id='word_1_9' title='bbox 941 471 1098 556; x_wconf 88' lang='lat' dir='ltr'>Philippi,</span> 
     </span>
    </p>

    <p class='ocr_par' dir='ltr' id='par_1_3' title="bbox 235 578 1081 773">
     <span class='ocr_line' id='line_1_3' title="bbox 235 578 1081 663; baseline 0.006 -22"><span class='ocrx_word' id='word_1_10' title='bbox 235 587 267 642; x_wconf 89' lang='lat' dir='ltr'>et</span> <span class='ocrx_word' id='word_1_11' title='bbox 284 599 446 662; x_wconf 90' lang='lat' dir='ltr'>magnum</span> <span class='ocrx_word' id='word_1_12' title='bbox 465 578 587 644; x_wconf 88' lang='lat' dir='ltr'>Siculis</span> <span class='ocrx_word' id='word_1_13' title='bbox 604 600 727 644; x_wconf 94' lang='lat' dir='ltr'>nomen</span> <span class='ocrx_word' id='word_1_14' title='bbox 744 579 956 663; x_wconf 87' lang='lat' dir='ltr'>superabitur</span> <span class='ocrx_word' id='word_1_15' title='bbox 972 582 1081 660; x_wconf 76' lang='lat' dir='ltr'>undiS,</span> 
     </span>
     <span class='ocr_line' id='line_1_4' title="bbox 235 685 1062 773; baseline 0.008 -23"><span class='ocrx_word' id='word_1_16' title='bbox 235 685 449 770; x_wconf 90' lang='lat' dir='ltr'>Romanique</span> <span class='ocrx_word' id='word_1_17' title='bbox 469 687 563 753; x_wconf 90' lang='lat' dir='ltr'>ducis</span> <span class='ocrx_word' id='word_1_18' title='bbox 584 687 733 753; x_wconf 90' lang='lat' dir='ltr'>coniunx</span> <span class='ocrx_word' id='word_1_19' title='bbox 753 688 924 773; x_wconf 85' lang='lat' dir='ltr'>Aegyptia</span> <span class='ocrx_word' id='word_1_20' title='bbox 943 690 1062 757; x_wconf 89' lang='lat' dir='ltr'>taedae</span> 
     </span>
    </p>

    <p class='ocr_par' dir='ltr' id='par_1_4' title="bbox 234 794 1144 992">
     <span class='ocr_line' id='line_1_5' title="bbox 234 794 1144 881; baseline 0.004 -22"><span class='ocrx_word' id='word_1_21' title='bbox 234 817 302 860; x_wconf 93' lang='lat' dir='ltr'>non</span> <span class='ocrx_word' id='word_1_22' title='bbox 321 796 404 861; x_wconf 88' lang='lat' dir='ltr'>bene</span> <span class='ocrx_word' id='word_1_23' title='bbox 422 794 483 861; x_wconf 91' lang='lat' dir='ltr'>fisa</span> <span class='ocrx_word' id='word_1_24' title='bbox 502 796 616 863; x_wconf 87' lang='lat' dir='ltr'><strong>cadet:</strong></span> <span class='ocrx_word' id='word_1_25' title='bbox 638 796 831 881; x_wconf 80' lang='lat' dir='ltr'>frustraque</span> <span class='ocrx_word' id='word_1_26' title='bbox 850 798 912 863; x_wconf 89' lang='lat' dir='ltr'>erit</span> <span class='ocrx_word' id='word_1_27' title='bbox 929 798 988 872; x_wconf 87' lang='lat' dir='ltr'>illa</span> <span class='ocrx_word' id='word_1_28' title='bbox 1006 799 1144 872; x_wconf 84' lang='lat' dir='ltr'>minata.</span> 
     </span>
     <span class='ocr_line' id='line_1_6' title="bbox 234 904 986 992; baseline 0.003 -23"><span class='ocrx_word' id='word_1_29' title='bbox 234 904 400 970; x_wconf 90' lang='lat' dir='ltr'>servitura</span> <span class='ocrx_word' id='word_1_30' title='bbox 423 926 486 971; x_wconf 88' lang='lat' dir='ltr'>suo</span> <span class='ocrx_word' id='word_1_31' title='bbox 508 904 677 989; x_wconf 91' lang='lat' dir='ltr'>Capitolia</span> <span class='ocrx_word' id='word_1_32' title='bbox 699 916 815 971; x_wconf 90' lang='lat' dir='ltr'>nostra</span> <span class='ocrx_word' id='word_1_33' title='bbox 838 906 986 992; x_wconf 86' lang='lat' dir='ltr'>Canopo.</span> 
     </span>
    </p>

    <p class='ocr_par' dir='ltr' id='par_1_5' title="bbox 233 1013 1182 1408">
     <span class='ocr_line' id='line_1_7' title="bbox 233 1013 1144 1099; baseline 0.001 -20"><span class='ocrx_word' id='word_1_34' title='bbox 233 1013 327 1098; x_wconf 80' lang='lat' dir='ltr'>Quid</span> <span class='ocrx_word' id='word_1_35' title='bbox 345 1014 404 1079; x_wconf 93' lang='lat' dir='ltr'>tibi</span> <span class='ocrx_word' id='word_1_36' title='bbox 423 1014 624 1091; x_wconf 83' lang='lat' dir='ltr'>barbariam,</span> <span class='ocrx_word' id='word_1_37' title='bbox 643 1024 760 1099; x_wconf 85' lang='lat' dir='ltr'>gentes</span> <span class='ocrx_word' id='word_1_38' title='bbox 778 1015 820 1080; x_wconf 88' lang='lat' dir='ltr'>ab</span> <span class='ocrx_word' id='word_1_39' title='bbox 837 1025 981 1099; x_wconf 91' lang='lat' dir='ltr'>utroque</span> <span class='ocrx_word' id='word_1_40' title='bbox 1000 1015 1144 1081; x_wconf 89' lang='lat' dir='ltr'>iacentes</span> 
     </span>
     <span class='ocr_line' id='line_1_8' title="bbox 234 1122 1182 1209; baseline 0.003 -22"><span class='ocrx_word' id='word_1_41' title='bbox 234 1143 360 1187; x_wconf 88' lang='lat' dir='ltr'>oceano</span> <span class='ocrx_word' id='word_1_42' title='bbox 381 1122 578 1188; x_wconf 85' lang='lat' dir='ltr'>numerem?</span> <span class='ocrx_word' id='word_1_43' title='bbox 620 1123 867 1209; x_wconf 84' lang='lat' dir='ltr'>Quodcumque</span> <span class='ocrx_word' id='word_1_44' title='bbox 886 1123 1065 1190; x_wconf 87' lang='lat' dir='ltr'>habitabile</span> <span class='ocrx_word' id='word_1_45' title='bbox 1084 1126 1182 1191; x_wconf 90' lang='lat' dir='ltr'>tellus</span> 
     </span>
     <span class='ocr_line' id='line_1_9' title="bbox 234 1230 1130 1316; baseline 0.003 -21"><span class='ocrx_word' id='word_1_46' title='bbox 234 1230 386 1309; x_wconf 88' lang='lat' dir='ltr'>sustinet,</span> <span class='ocrx_word' id='word_1_47' title='bbox 408 1230 508 1296; x_wconf 89' lang='lat' dir='ltr'>huius</span> <span class='ocrx_word' id='word_1_48' title='bbox 530 1230 611 1297; x_wconf 89' lang='lat' dir='ltr'>erit:</span> <span class='ocrx_word' id='word_1_49' title='bbox 632 1241 755 1315; x_wconf 92' lang='lat' dir='ltr'>pontus</span> <span class='ocrx_word' id='word_1_50' title='bbox 777 1254 909 1316; x_wconf 90' lang='lat' dir='ltr'>quoque</span> <span class='ocrx_word' id='word_1_51' title='bbox 930 1232 1051 1299; x_wconf 91' lang='lat' dir='ltr'>serviet</span> <span class='ocrx_word' id='word_1_52' title='bbox 1073 1233 1130 1298; x_wconf 92' lang='lat' dir='ltr'>illi.</span> 
     </span>
     <span class='ocr_line' id='line_1_10' title="bbox 235 1339 1052 1408; baseline 0.005 -4"><span class='ocrx_word' id='word_1_53' title='bbox 235 1340 323 1406; x_wconf 88' lang='lat' dir='ltr'>Pace</span> <span class='ocrx_word' id='word_1_54' title='bbox 345 1340 424 1404; x_wconf 88' lang='lat' dir='ltr'>data</span> <span class='ocrx_word' id='word_1_55' title='bbox 447 1339 545 1404; x_wconf 89' lang='lat' dir='ltr'>terris</span> <span class='ocrx_word' id='word_1_56' title='bbox 567 1340 720 1405; x_wconf 92' lang='lat' dir='ltr'>animum</span> <span class='ocrx_word' id='word_1_57' title='bbox 742 1340 786 1405; x_wconf 89' lang='lat' dir='ltr'>ad</span> <span class='ocrx_word' id='word_1_58' title='bbox 809 1340 920 1405; x_wconf 91' lang='lat' dir='ltr'>civilia</span> <span class='ocrx_word' id='word_1_59' title='bbox 943 1350 1052 1408; x_wconf 90' lang='lat' dir='ltr'>vertet</span> 
     </span>
    </p>

    <p class='ocr_par' dir='ltr' id='par_1_6' title="bbox 232 1448 1122 2187">
     <span class='ocr_line' id='line_1_11' title="bbox 233 1448 1078 1534; baseline 0.001 -20"><span class='ocrx_word' id='word_1_60' title='bbox 233 1450 308 1515; x_wconf 90' lang='lat' dir='ltr'>iura</span> <span class='ocrx_word' id='word_1_61' title='bbox 330 1470 428 1514; x_wconf 93' lang='lat' dir='ltr'>suum</span> <span class='ocrx_word' id='word_1_62' title='bbox 450 1449 605 1534; x_wconf 86' lang='lat' dir='ltr'>legesque</span> <span class='ocrx_word' id='word_1_63' title='bbox 629 1448 713 1514; x_wconf 81' lang='lat' dir='ltr'>leret</span> <span class='ocrx_word' id='word_1_64' title='bbox 735 1448 938 1514; x_wconf 89' lang='lat' dir='ltr'>iustissimus</span> <span class='ocrx_word' id='word_1_65' title='bbox 960 1460 1078 1515; x_wconf 85' lang='lat' dir='ltr'>auctor</span> 
     </span>
     <span class='ocr_line' id='line_1_12' title="bbox 232 1558 1036 1643; baseline -0.002 -19"><span class='ocrx_word' id='word_1_66' title='bbox 232 1558 453 1643; x_wconf 88' lang='lat' dir='ltr'>exemploque</span> <span class='ocrx_word' id='word_1_67' title='bbox 473 1579 535 1623; x_wconf 88' lang='lat' dir='ltr'>suo</span> <span class='ocrx_word' id='word_1_68' title='bbox 554 1579 665 1623; x_wconf 88' lang='lat' dir='ltr'>mores</span> <span class='ocrx_word' id='word_1_69' title='bbox 684 1568 789 1642; x_wconf 89' lang='lat' dir='ltr'>reget,</span> <span class='ocrx_word' id='word_1_70' title='bbox 810 1558 910 1642; x_wconf 93' lang='lat' dir='ltr'>inque</span> <span class='ocrx_word' id='word_1_71' title='bbox 931 1558 1036 1624; x_wconf 83' lang='lat' dir='ltr'>futuri</span> 
     </span>
     <span class='ocr_line' id='line_1_13' title="bbox 234 1667 1037 1750; baseline 0 -17"><span class='ocrx_word' id='word_1_72' title='bbox 234 1667 396 1750; x_wconf 90' lang='lat' dir='ltr'>temporis</span> <span class='ocrx_word' id='word_1_73' title='bbox 414 1676 558 1733; x_wconf 90' lang='lat' dir='ltr'>aetatem</span> <span class='ocrx_word' id='word_1_74' title='bbox 575 1676 862 1750; x_wconf 87' lang='lat' dir='ltr'>venturorumque</span> <span class='ocrx_word' id='word_1_75' title='bbox 877 1677 1037 1750; x_wconf 87' lang='lat' dir='ltr'>nepotum</span> 
     </span>
     <span class='ocr_line' id='line_1_14' title="bbox 233 1775 1117 1860; baseline 0.005 -21"><span class='ocrx_word' id='word_1_76' title='bbox 233 1775 450 1859; x_wconf 70' lang='lat' dir='ltr'>prospiciens</span> <span class='ocrx_word' id='word_1_77' title='bbox 475 1776 604 1858; x_wconf 90' lang='lat' dir='ltr'>prolem</span> <span class='ocrx_word' id='word_1_78' title='bbox 630 1785 744 1840; x_wconf 92' lang='lat' dir='ltr'>sancta</span> <span class='ocrx_word' id='word_1_79' title='bbox 770 1775 811 1840; x_wconf 91' lang='lat' dir='ltr'>de</span> <span class='ocrx_word' id='word_1_80' title='bbox 835 1775 978 1860; x_wconf 88' lang='lat' dir='ltr'>coniuge</span> <span class='ocrx_word' id='word_1_81' title='bbox 1003 1785 1117 1843; x_wconf 88' lang='lat' dir='ltr'>natam</span> 
     </span>
     <span class='ocr_line' id='line_1_15' title="bbox 234 1883 1122 1968; baseline 0.003 -20"><span class='ocrx_word' id='word_1_82' title='bbox 234 1883 324 1949; x_wconf 88' lang='lat' dir='ltr'>ferre</span> <span class='ocrx_word' id='word_1_83' title='bbox 344 1883 443 1949; x_wconf 88' lang='lat' dir='ltr'>simul</span> <span class='ocrx_word' id='word_1_84' title='bbox 466 1904 656 1968; x_wconf 88' lang='lat' dir='ltr'>nomenque</span> <span class='ocrx_word' id='word_1_85' title='bbox 676 1904 774 1949; x_wconf 91' lang='lat' dir='ltr'>suum</span> <span class='ocrx_word' id='word_1_86' title='bbox 796 1905 959 1968; x_wconf 90' lang='lat' dir='ltr'>curasque</span> <span class='ocrx_word' id='word_1_87' title='bbox 980 1885 1122 1964; x_wconf 89' lang='lat' dir='ltr'>iubebit;</span> 
     </span>
     <span class='ocr_line' id='line_1_16' title="bbox 233 1992 1082 2077; baseline 0.001 -20"><span class='ocrx_word' id='word_1_88' title='bbox 233 2015 293 2059; x_wconf 89' lang='lat' dir='ltr'>nec</span> <span class='ocrx_word' id='word_1_89' title='bbox 311 1993 375 2058; x_wconf 91' lang='lat' dir='ltr'>nisi</span> <span class='ocrx_word' id='word_1_90' title='bbox 393 2015 470 2059; x_wconf 90' lang='lat' dir='ltr'>cum</span> <span class='ocrx_word' id='word_1_91' title='bbox 488 1992 600 2058; x_wconf 88' lang='lat' dir='ltr'>senior</span> <span class='ocrx_word' id='word_1_92' title='bbox 620 1992 734 2077; x_wconf 92' lang='lat' dir='ltr'>Pylios</span> <span class='ocrx_word' id='word_1_93' title='bbox 752 1993 947 2076; x_wconf 89' lang='lat' dir='ltr'>aequaverit</span> <span class='ocrx_word' id='word_1_94' title='bbox 965 2015 1082 2073; x_wconf 75' lang='lat' dir='ltr'>annua,</span> 
     </span>
     <span class='ocr_line' id='line_1_17' title="bbox 232 2102 1027 2187; baseline 0 -19"><span class='ocrx_word' id='word_1_95' title='bbox 232 2103 401 2169; x_wconf 89' lang='lat' dir='ltr'>aetherias</span> <span class='ocrx_word' id='word_1_96' title='bbox 423 2103 517 2168; x_wconf 88' lang='lat' dir='ltr'>sedes</span> <span class='ocrx_word' id='word_1_97' title='bbox 538 2112 750 2187; x_wconf 89' lang='lat' dir='ltr'>cognataque</span> <span class='ocrx_word' id='word_1_98' title='bbox 771 2102 880 2167; x_wconf 91' lang='lat' dir='ltr'>sidera</span> <span class='ocrx_word' id='word_1_99' title='bbox 900 2112 1027 2187; x_wconf 81' lang='lat' dir='ltr'>tanget.</span> 
     </span>
    </p>

    <p class='ocr_par' dir='ltr' id='par_1_7' title="bbox 233 2211 1166 2515">
     <span class='ocr_line' id='line_1_18' title="bbox 235 2211 1151 2296; baseline 0.001 -19"><span class='ocrx_word' id='word_1_100' title='bbox 235 2212 334 2278; x_wconf 90' lang='lat' dir='ltr'>Hanc</span> <span class='ocrx_word' id='word_1_101' title='bbox 357 2211 505 2278; x_wconf 88' lang='lat' dir='ltr'>animam</span> <span class='ocrx_word' id='word_1_102' title='bbox 528 2211 654 2277; x_wconf 89' lang='lat' dir='ltr'>interea</span> <span class='ocrx_word' id='word_1_103' title='bbox 677 2232 774 2277; x_wconf 90' lang='lat' dir='ltr'>caeso</span> <span class='ocrx_word' id='word_1_104' title='bbox 796 2211 837 2277; x_wconf 90' lang='lat' dir='ltr'>de</span> <span class='ocrx_word' id='word_1_105' title='bbox 858 2232 999 2295; x_wconf 90' lang='lat' dir='ltr'>corpore</span> <span class='ocrx_word' id='word_1_106' title='bbox 1021 2221 1151 2296; x_wconf 88' lang='lat' dir='ltr'>raptam</span> 
     </span>
     <span class='ocr_line' id='line_1_19' title="bbox 234 2320 1166 2406; baseline 0.003 -21"><span class='ocrx_word' id='word_1_107' title='bbox 234 2321 289 2388; x_wconf 81' lang='lat' dir='ltr'>tac</span> <span class='ocrx_word' id='word_1_108' title='bbox 311 2321 417 2399; x_wconf 88' lang='lat' dir='ltr'>iubar,</span> <span class='ocrx_word' id='word_1_109' title='bbox 441 2331 478 2387; x_wconf 94' lang='lat' dir='ltr'>ut</span> <span class='ocrx_word' id='word_1_110' title='bbox 501 2343 632 2405; x_wconf 90' lang='lat' dir='ltr'>semper</span> <span class='ocrx_word' id='word_1_111' title='bbox 654 2320 822 2405; x_wconf 88' lang='lat' dir='ltr'>Capitolia</span> <span class='ocrx_word' id='word_1_112' title='bbox 845 2331 960 2386; x_wconf 90' lang='lat' dir='ltr'>nostra</span> <span class='ocrx_word' id='word_1_113' title='bbox 986 2320 1166 2406; x_wconf 85' lang='lat' dir='ltr'>forumque</span> 
     </span>
     <span class='ocr_line' id='line_1_20' title="bbox 233 2428 1008 2515; baseline -0.001 -19"><span class='ocrx_word' id='word_1_114' title='bbox 233 2431 332 2496; x_wconf 88' lang='lat' dir='ltr'>divus</span> <span class='ocrx_word' id='word_1_115' title='bbox 353 2431 395 2497; x_wconf 91' lang='lat' dir='ltr'>ab</span> <span class='ocrx_word' id='word_1_116' title='bbox 415 2431 546 2496; x_wconf 88' lang='lat' dir='ltr'>excelsa</span> <span class='ocrx_word' id='word_1_117' title='bbox 568 2440 756 2515; x_wconf 90' lang='lat' dir='ltr'>prospectet</span> <span class='ocrx_word' id='word_1_118' title='bbox 778 2428 884 2495; x_wconf 89' lang='lat' dir='ltr'>Iulius</span> <span class='ocrx_word' id='word_1_119' title='bbox 905 2430 1008 2495; x_wconf 88' lang='lat' dir='ltr'>aedc.’</span> 
     </span>
    </p>

    <p class='ocr_par' dir='ltr' id='par_1_8' title="bbox 231 2538 1210 3495">
     <span class='ocr_line' id='line_1_21' title="bbox 280 2538 1201 2618; baseline -0.001 -12"><span class='ocrx_word' id='word_1_120' title='bbox 280 2540 351 2606; x_wconf 91' lang='lat' dir='ltr'>Vix</span> <span class='ocrx_word' id='word_1_121' title='bbox 372 2561 411 2606; x_wconf 90' lang='lat' dir='ltr'>ea</span> <span class='ocrx_word' id='word_1_122' title='bbox 436 2538 527 2606; x_wconf 85' lang='lat' dir='ltr'>latus</span> <span class='ocrx_word' id='word_1_123' title='bbox 550 2551 633 2618; x_wconf 88' lang='lat' dir='ltr'>erat,</span> <span class='ocrx_word' id='word_1_124' title='bbox 656 2538 767 2604; x_wconf 90' lang='lat' dir='ltr'>media</span> <span class='ocrx_word' id='word_1_125' title='bbox 788 2560 864 2604; x_wconf 92' lang='lat' dir='ltr'>cum</span> <span class='ocrx_word' id='word_1_126' title='bbox 887 2539 964 2604; x_wconf 90' lang='lat' dir='ltr'>sede</span> <span class='ocrx_word' id='word_1_127' title='bbox 986 2549 1121 2605; x_wconf 89' lang='lat' dir='ltr'>senatus</span> <span class='ocrx_word' id='word_1_128' title='bbox 1191 2567 1201 2580; x_wconf 83' lang='lat'><strong>·</strong></span> 
     </span>
     <span class='ocr_line' id='line_1_22' title="bbox 232 2647 1087 2732; baseline -0.001 -17"><span class='ocrx_word' id='word_1_129' title='bbox 232 2649 382 2715; x_wconf 90' lang='lat' dir='ltr'>constitit</span> <span class='ocrx_word' id='word_1_130' title='bbox 403 2650 493 2714; x_wconf 90' lang='lat' dir='ltr'>alma</span> <span class='ocrx_word' id='word_1_131' title='bbox 515 2649 643 2727; x_wconf 77' lang='lat' dir='ltr'>VenuS,</span> <span class='ocrx_word' id='word_1_132' title='bbox 665 2647 748 2713; x_wconf 91' lang='lat' dir='ltr'>nulli</span> <span class='ocrx_word' id='word_1_133' title='bbox 770 2648 946 2727; x_wconf 88' lang='lat' dir='ltr'>cemenda‚</span> <span class='ocrx_word' id='word_1_134' title='bbox 968 2648 1087 2732; x_wconf 90' lang='lat' dir='ltr'>suique</span> 
     </span>
     <span class='ocr_line' id='line_1_23' title="bbox 234 2755 1081 2843; baseline -0.004 -19"><span class='ocrx_word' id='word_1_135' title='bbox 234 2758 390 2824; x_wconf 89' lang='lat' dir='ltr'>Caesaris</span> <span class='ocrx_word' id='word_1_136' title='bbox 406 2757 528 2843; x_wconf 89' lang='lat' dir='ltr'>eripuit</span> <span class='ocrx_word' id='word_1_137' title='bbox 544 2756 704 2823; x_wconf 89' lang='lat' dir='ltr'>membris</span> <span class='ocrx_word' id='word_1_138' title='bbox 722 2777 830 2839; x_wconf 91' lang='lat' dir='ltr'>neque</span> <span class='ocrx_word' id='word_1_139' title='bbox 847 2755 881 2820; x_wconf 92' lang='lat' dir='ltr'>in</span> <span class='ocrx_word' id='word_1_140' title='bbox 898 2758 979 2821; x_wconf 75' lang='lat' dir='ltr'>aera</span> <span class='ocrx_word' id='word_1_141' title='bbox 997 2757 1081 2821; x_wconf 91' lang='lat' dir='ltr'>solvi</span> 
     </span>
     <span class='ocr_line' id='line_1_24' title="bbox 232 2865 1166 2953; baseline 0.001 -22"><span class='ocrx_word' id='word_1_142' title='bbox 232 2889 330 2953; x_wconf 88' lang='lat' dir='ltr'>passa</span> <span class='ocrx_word' id='word_1_143' title='bbox 351 2877 516 2933; x_wconf 91' lang='lat' dir='ltr'>recentem</span> <span class='ocrx_word' id='word_1_144' title='bbox 537 2866 686 2931; x_wconf 92' lang='lat' dir='ltr'>animam</span> <span class='ocrx_word' id='word_1_145' title='bbox 707 2865 904 2931; x_wconf 88' lang='lat' dir='ltr'>caelestibus</span> <span class='ocrx_word' id='word_1_146' title='bbox 926 2865 1038 2931; x_wconf 90' lang='lat' dir='ltr'>intulit</span> <span class='ocrx_word' id='word_1_147' title='bbox 1057 2867 1166 2932; x_wconf 89' lang='lat' dir='ltr'>astris.</span> 
     </span>
     <span class='ocr_line' id='line_1_25' title="bbox 231 2974 1210 3060; baseline -0.001 -19"><span class='ocrx_word' id='word_1_148' title='bbox 231 2978 392 3060; x_wconf 90' lang='lat' dir='ltr'>Dumque</span> <span class='ocrx_word' id='word_1_149' title='bbox 410 2976 498 3054; x_wconf 91' lang='lat' dir='ltr'>tulit,</span> <span class='ocrx_word' id='word_1_150' title='bbox 520 2976 635 3041; x_wconf 88' lang='lat' dir='ltr'>lumen</span> <span class='ocrx_word' id='word_1_151' title='bbox 657 2996 775 3058; x_wconf 88' lang='lat' dir='ltr'>capere</span> <span class='ocrx_word' id='word_1_152' title='bbox 794 2984 895 3058; x_wconf 90' lang='lat' dir='ltr'>atque</span> <span class='ocrx_word' id='word_1_153' title='bbox 916 2974 1086 3059; x_wconf 89' lang='lat' dir='ltr'>ignescere</span> <span class='ocrx_word' id='word_1_154' title='bbox 1107 2974 1210 3040; x_wconf 89' lang='lat' dir='ltr'>sensit</span> 
     </span>
     <span class='ocr_line' id='line_1_26' title="bbox 232 3083 946 3169; baseline -0.003 -19"><span class='ocrx_word' id='word_1_155' title='bbox 232 3085 408 3169; x_wconf 91' lang='lat' dir='ltr'>emisitque</span> <span class='ocrx_word' id='word_1_156' title='bbox 429 3085 523 3151; x_wconf 90' lang='lat' dir='ltr'>sinu:</span> <span class='ocrx_word' id='word_1_157' title='bbox 544 3085 624 3150; x_wconf 92' lang='lat' dir='ltr'>luna</span> <span class='ocrx_word' id='word_1_158' title='bbox 645 3084 737 3149; x_wconf 92' lang='lat' dir='ltr'>volat</span> <span class='ocrx_word' id='word_1_159' title='bbox 756 3083 857 3149; x_wconf 87' lang='lat' dir='ltr'>altius</span> <span class='ocrx_word' id='word_1_160' title='bbox 879 3083 946 3162; x_wconf 88' lang='lat' dir='ltr'>illa,</span> 
     </span>
     <span class='ocr_line' id='line_1_27' title="bbox 231 3191 1147 3279; baseline -0.004 -19"><span class='ocrx_word' id='word_1_161' title='bbox 231 3194 540 3279; x_wconf 84' lang='lat' dir='ltr'>flammiferumque</span> <span class='ocrx_word' id='word_1_162' title='bbox 561 3194 697 3258; x_wconf 88' lang='lat' dir='ltr'>trahens</span> <span class='ocrx_word' id='word_1_163' title='bbox 721 3193 871 3276; x_wconf 89' lang='lat' dir='ltr'>spatioso</span> <span class='ocrx_word' id='word_1_164' title='bbox 894 3191 999 3258; x_wconf 92' lang='lat' dir='ltr'>limite</span> <span class='ocrx_word' id='word_1_165' title='bbox 1021 3192 1147 3257; x_wconf 91' lang='lat' dir='ltr'>crinem</span> 
     </span>
     <span class='ocr_line' id='line_1_28' title="bbox 233 3299 1101 3386; baseline -0.002 -18"><span class='ocrx_word' id='word_1_166' title='bbox 233 3304 327 3369; x_wconf 90' lang='lat' dir='ltr'>stella</span> <span class='ocrx_word' id='word_1_167' title='bbox 345 3303 464 3380; x_wconf 89' lang='lat' dir='ltr'>micat;</span> <span class='ocrx_word' id='word_1_168' title='bbox 482 3302 619 3386; x_wconf 89' lang='lat' dir='ltr'>natique</span> <span class='ocrx_word' id='word_1_169' title='bbox 634 3301 751 3366; x_wconf 91' lang='lat' dir='ltr'>videns</span> <span class='ocrx_word' id='word_1_170' title='bbox 767 3300 850 3366; x_wconf 89' lang='lat' dir='ltr'>bene</span> <span class='ocrx_word' id='word_1_171' title='bbox 868 3299 957 3366; x_wconf 81' lang='lat' dir='ltr'>iacta</span> <span class='ocrx_word' id='word_1_172' title='bbox 976 3300 1101 3366; x_wconf 84' lang='lat' dir='ltr'>fatetur</span> 
     </span>
     <span class='ocr_line' id='line_1_29' title="bbox 231 3409 1007 3495; baseline -0.003 -18"><span class='ocrx_word' id='word_1_173' title='bbox 231 3433 303 3477; x_wconf 92' lang='lat' dir='ltr'>esse</span> <span class='ocrx_word' id='word_1_174' title='bbox 325 3411 393 3476; x_wconf 94' lang='lat' dir='ltr'>suis</span> <span class='ocrx_word' id='word_1_175' title='bbox 414 3410 544 3477; x_wconf 88' lang='lat' dir='ltr'>maiora</span> <span class='ocrx_word' id='word_1_176' title='bbox 566 3421 600 3476; x_wconf 94' lang='lat' dir='ltr'>et</span> <span class='ocrx_word' id='word_1_177' title='bbox 621 3410 709 3476; x_wconf 92' lang='lat' dir='ltr'>vinci</span> <span class='ocrx_word' id='word_1_178' title='bbox 731 3410 857 3495; x_wconf 90' lang='lat' dir='ltr'>gaudet</span> <span class='ocrx_word' id='word_1_179' title='bbox 878 3410 921 3475; x_wconf 93' lang='lat' dir='ltr'>ab</span> <span class='ocrx_word' id='word_1_180' title='bbox 941 3409 1007 3475; x_wconf 93' lang='lat' dir='ltr'>illo.</span> 
     </span>
    </p>

    <p class='ocr_par' dir='ltr' id='par_1_9' title="bbox 231 3518 1230 3933">
     <span class='ocr_line' id='line_1_30' title="bbox 278 3518 1230 3604; baseline 0.001 -20"><span class='ocrx_word' id='word_1_181' title='bbox 278 3520 346 3586; x_wconf 93' lang='lat' dir='ltr'>Hic</span> <span class='ocrx_word' id='word_1_182' title='bbox 368 3542 429 3586; x_wconf 90' lang='lat' dir='ltr'>sua</span> <span class='ocrx_word' id='word_1_183' title='bbox 451 3520 615 3604; x_wconf 85' lang='lat' dir='ltr'>praeferri</span> <span class='ocrx_word' id='word_1_184' title='bbox 636 3539 841 3603; x_wconf 87' lang='lat' dir='ltr'>quamquam</span> <span class='ocrx_word' id='word_1_185' title='bbox 863 3528 955 3584; x_wconf 91' lang='lat' dir='ltr'>vetat</span> <span class='ocrx_word' id='word_1_186' title='bbox 977 3528 1050 3584; x_wconf 87' lang='lat' dir='ltr'>acta</span> <span class='ocrx_word' id='word_1_187' title='bbox 1072 3518 1230 3603; x_wconf 88' lang='lat' dir='ltr'>paternis,</span> 
     </span>
     <span class='ocr_line' id='line_1_31' title="bbox 231 3627 1070 3712; baseline -0.001 -18"><span class='ocrx_word' id='word_1_188' title='bbox 231 3631 334 3696; x_wconf 92' lang='lat' dir='ltr'>libera</span> <span class='ocrx_word' id='word_1_189' title='bbox 359 3628 451 3695; x_wconf 83' lang='lat' dir='ltr'>lama</span> <span class='ocrx_word' id='word_1_190' title='bbox 473 3640 587 3695; x_wconf 87' lang='lat' dir='ltr'>tamen</span> <span class='ocrx_word' id='word_1_191' title='bbox 610 3629 777 3712; x_wconf 90' lang='lat' dir='ltr'>nullisque</span> <span class='ocrx_word' id='word_1_192' title='bbox 798 3627 947 3693; x_wconf 89' lang='lat' dir='ltr'>obnoxia</span> <span class='ocrx_word' id='word_1_193' title='bbox 971 3627 1070 3693; x_wconf 90' lang='lat' dir='ltr'>iussis</span> 
     </span>
     <span class='ocr_line' id='line_1_32' title="bbox 231 3737 1062 3825; baseline 0 -22"><span class='ocrx_word' id='word_1_194' title='bbox 231 3739 374 3805; x_wconf 91' lang='lat' dir='ltr'>invitum</span> <span class='ocrx_word' id='word_1_195' title='bbox 393 3738 541 3825; x_wconf 80' lang='lat' dir='ltr'>praefert</span> <span class='ocrx_word' id='word_1_196' title='bbox 560 3759 693 3822; x_wconf 87' lang='lat' dir='ltr'>unaque</span> <span class='ocrx_word' id='word_1_197' title='bbox 711 3737 745 3801; x_wconf 94' lang='lat' dir='ltr'>in</span> <span class='ocrx_word' id='word_1_198' title='bbox 765 3747 860 3821; x_wconf 88' lang='lat' dir='ltr'>parte</span> <span class='ocrx_word' id='word_1_199' title='bbox 879 3747 1062 3822; x_wconf 86' lang='lat' dir='ltr'>repugnat:</span> 
     </span>
     <span class='ocr_line' id='line_1_33' title="bbox 232 3845 1080 3933; baseline -0.001 -21"><span class='ocrx_word' id='word_1_200' title='bbox 232 3848 278 3913; x_wconf 93' lang='lat' dir='ltr'>sic</span> <span class='ocrx_word' id='word_1_201' title='bbox 295 3848 411 3933; x_wconf 89' lang='lat' dir='ltr'>magni</span> <span class='ocrx_word' id='word_1_202' title='bbox 429 3849 516 3914; x_wconf 90' lang='lat' dir='ltr'>cedit</span> <span class='ocrx_word' id='word_1_203' title='bbox 534 3847 642 3913; x_wconf 91' lang='lat' dir='ltr'>titulis</span> <span class='ocrx_word' id='word_1_204' title='bbox 658 3845 927 3931; x_wconf 87' lang='lat' dir='ltr'>Agamemnonis</span> <span class='ocrx_word' id='word_1_205' title='bbox 944 3845 1080 3925; x_wconf 83' lang='lat' dir='ltr'>Atreus,</span> 
     </span>
    </p>
   </div>
   <div class='ocr_carea' id='block_1_3' title="bbox 0 0 1526 4475">
    <p class='ocr_par' dir='ltr' id='par_1_10' title="bbox 0 0 1526 4475">
     <span class='ocr_line' id='line_1_34' title="bbox 0 0 1526 4475; baseline 0 1"><span class='ocrx_word' id='word_1_206' title='bbox 0 0 1526 4475; x_wconf 95' lang='lat' dir='ltr'> </span> 
     </span>
    </p>
   </div>
  </div>
 </body>
</html>
