3042 4475
477 284 560 339 THE
588 284 949 341 METAMORPHOSES
1219 287 1262 362 69

162 466 336 548 daughter
354 487 425 532 was
444 466 544 532 killed
564 466 675 532 inber
693 488 794 533 arms,
840 468 915 533 Nor
934 490 1003 535 was
1023 468 1090 534 this
1109 467 1165 534 the
1184 490 1258 533 sum

166 574 205 639 ol
228 576 288 640 her
311 576 427 654 losses,
453 576 507 640 lor
529 576 589 641 her
611 576 765 641 husband
789 576 822 641 in
846 598 889 641 an
913 598 1026 663 agony
1049 577 1088 642 oi
1111 578 1202 662 grief
1224 588 1260 643 at

164 684 222 748 the
245 684 346 749 death
368 684 408 749 of
430 683 484 748 his
506 705 586 749 sons
608 685 676 750 had
698 685 894 751 committed
918 685 1052 751 suicide.

237 792 433 876 Speechless
451 793 518 858 and
537 792 749 871 immovable‚
771 793 881 859 Niobe
900 804 951 859 sat
971 794 1004 859 in
1023 796 1080 869 the
1099 795 1201 862 midst
1221 796 1259 861 of

163 904 224 967 her
247 903 343 980 dead,
369 902 429 967 her
452 903 623 968 continual
647 903 802 988 weeping
824 904 927 989 being
949 906 1006 971 the
1028 906 1109 991 only
1133 906 1257 971 indica-

164 1013 237 1077 tion
258 1013 332 1078 that
354 1011 414 1078 she
435 1034 506 1078 was
527 1012 623 1078 alive.
672 1013 848 1100 Presently
869 1036 889 1080 a
910 1015 1040 1100 change
1061 1036 1155 1081 came
1177 1036 1257 1081 over

162 1123 234 1201 her,
260 1125 327 1190 and
351 1124 412 1190 her
437 1124 546 1191 frame
568 1126 739 1192 hardened
764 1125 835 1191 into
860 1126 949 1192 rock.
998 1125 1095 1191 Then
1119 1147 1257 1191 carnea

163 1234 357 1300 whirlwind
372 1236 441 1301 and
456 1236 537 1301 bore
551 1235 611 1300 her
625 1235 677 1301 off
690 1246 726 1301 to
742 1235 862 1320 Lydia,
879 1235 990 1328 where
1006 1256 1089 1302 even
1105 1255 1183 1301 now
1199 1236 1258 1299 her

166 1342 279 1427 image
296 1364 375 1427 may
392 1343 433 1407 be
450 1365 527 1409 seen
545 1365 589 1408 on
607 1344 663 1409 the
680 1344 766 1428 edge
783 1343 822 1409 ol
839 1364 859 1409 a
876 1342 957 1420 cliff,
976 1343 1036 1407 her
1053 1343 1173 1409 cheeks
1192 1343 1258 1407 still

162 1462 231 1517 wet
251 1451 334 1517 with
354 1450 475 1534 tears]

208 1669 320 1754 Lydia
336 1681 409 1736 tota
427 1670 552 1750 fremit,
572 1670 810 1756 Phrygiaeque
827 1692 886 1755 per
902 1670 1026 1756 oppida
1045 1669 1125 1736 facti

165 1800 282 1844 rumor
304 1779 340 1855 it,
362 1790 395 1845 et
416 1800 580 1864 magnum
603 1780 813 1845 sermonibus
833 1790 974 1863 occupat
995 1779 1119 1844 orbem.

162 1888 255 1952 Ante
275 1909 354 1953 suos
375 1887 486 1954 Niobe
503 1888 671 1954 thalamos
689 1900 896 1973 cognoverat
916 1889 1019 1967 illam,

163 2007 235 2062 tum
256 2019 334 2062 cum
355 1996 552 2063 Maeoniam
572 1996 672 2083 virgo
694 1998 915 2082 Sipylumque
934 1998 1080 2075 colebat;

163 2128 222 2171 nec
241 2115 356 2170 tamen
374 2092 547 2171 admonita
566 2116 617 2172 est
635 2127 743 2192 poena
762 2106 933 2191 popularis
952 2106 1127 2171 Arachnes

164 2216 282 2282 cedere
307 2215 491 2308 caelitibus,
520 2215 696 2300 verbisque
722 2214 910 2282 minoribus
937 2215 996 2281 uti.

165 2324 277 2389 Multa
298 2325 424 2390 dabant
442 2324 593 2390 animos:
613 2326 672 2390 sed
692 2325 782 2391 enim
801 2346 862 2391 nec
882 2325 1036 2410 coniugis
1057 2336 1147 2391 artes

163 2456 222 2500 nec
246 2455 355 2519 genus
378 2434 556 2499 amborum
579 2433 763 2519 magnique
784 2434 934 2519 potentia
958 2435 1052 2520 regni

163 2543 208 2609 sic
227 2544 384 2628 placuere
404 2543 462 2621 illi,
482 2543 637 2626 quamvis
656 2565 695 2608 ea
715 2554 836 2609 cuncta
855 2545 1035 2627 placerent,

162 2661 198 2716 ut
218 2672 280 2716 sua
299 2651 496 2736 progenies;
515 2661 548 2716 et
569 2650 764 2718 felicissima
783 2662 930 2717 matrum

163 2761 252 2827 dicta
276 2759 365 2826 foret
388 2759 509 2839 Niobe,
533 2760 560 2825 si
582 2781 651 2826 non
673 2760 735 2827 sibi
758 2761 831 2826 visa
855 2760 983 2826 fuisset.

164 2870 256 2936 Nam
283 2880 357 2936 sata
382 2869 515 2935 Tiresia
540 2869 673 2936 venturi
699 2870 850 2954 praescia
877 2871 1002 2937 Manto

162 3002 220 3064 per
240 2979 372 3048 medias
396 2978 517 3057 luerat,
541 2978 658 3045 divino
680 2979 811 3045 concita
834 2990 940 3058 motu,

164 3089 346 3155 vaticinata
374 3088 465 3153 vias:
494 3087 713 3166 ‘Ismenides,
743 3087 789 3153 ite
818 3089 1017 3172 frequentes

162 3208 193 3264 et
211 3198 290 3264 date
308 3196 462 3262 Latonae
480 3195 767 3281 Latonigenisque
785 3197 916 3263 duobus

162 3330 237 3373 cum
260 3327 359 3392 prece
380 3315 458 3371 tura
480 3305 545 3390 pia,
569 3306 731 3389 lauroque
753 3306 911 3372 innectite
932 3306 1075 3372 crinem!
1178 3327 1181 3333 ’

162 3417 231 3483 Ore
252 3438 330 3482 meo
352 3415 485 3481 Latona
507 3413 619 3480 iubet'
665 3415 817 3493 Paretur,
840 3427 872 3481 et
893 3437 1009 3481 omnes

162 3526 354 3592 Thebaides
373 3524 473 3590 iussis
494 3545 554 3589 sua
573 3534 726 3608 tempora
747 3524 925 3590 frondibus
944 3535 1076 3603 ornant,

161 3645 305 3720 turaque
327 3635 410 3699 dant
431 3632 556 3699 sanctis
576 3643 609 3699 et
630 3634 732 3699 verba
753 3635 924 3717 precantia
945 3635 1101 3700 flammis.

207 3745 295 3810 Ecce
315 3742 408 3808 venit
427 3740 591 3807 comitum
611 3741 722 3807 Niobe
741 3741 955 3808 celeberrima
975 3742 1084 3820 turba,

162 3854 310 3920 vestibus
329 3853 464 3918 intexto
485 3849 644 3935 Phrygiis
664 3851 851 3935 spectabilis
872 3874 966 3929 aur0,

348 3951 366 4001 8
