3042 4475
642 270 846 326 assumas
1232 285 1291 351 ¹²7

195 472 283 538 your
305 451 399 537 right
420 473 458 516 as
478 472 536 536 my
558 462 685 537 captor,
706 452 785 531 and,
808 451 961 519 whether
983 472 1050 537 you
1071 472 1118 537 go
1138 470 1179 517 or
1200 459 1287 535 stay,

196 558 243 627 let
264 580 320 625 me
344 560 385 627 be
406 559 488 626 with
510 560 630 646 you.'’]

197 776 313 863 Quam
333 778 428 863 legis,
447 798 468 843 a
485 789 581 863 rapta
601 779 754 845 Briseide
774 778 886 846 littera
904 778 1006 857 venit,

243 888 304 953 vix
322 888 408 954 bene
428 888 602 954 barbarica
622 888 753 955 Graeca
773 897 891 954 notata
910 909 1024 954 manu.

195 998 437 1085 Quascumque
455 996 630 1082 adspicies,
651 996 810 1064 lacrimae
829 997 937 1063 fecere
957 997 1084 1062 lituras.

246 1106 313 1172 Sed
329 1116 441 1172 tamen
456 1118 489 1173 et
504 1107 661 1173 lacrimae
673 1107 823 1191 pondera
837 1108 929 1173 vocis
943 1106 1074 1172 habent.

198 1214 250 1281 Sit
269 1216 351 1281 mihi
371 1236 476 1300 pauca
494 1216 588 1300 queri
607 1216 649 1283 de
666 1226 700 1283 te
716 1215 921 1301 dominoque
939 1215 1096 1300 viroque:
1274 1226 1290 1275 5

216 1322 220 1327 ’
245 1324 299 1390 ias
319 1334 369 1390 est
389 1325 432 1391 de
452 1324 592 1392 domino
611 1346 717 1410 pauca
737 1324 878 1410 viroque
897 1325 1001 1410 queri.

196 1433 287 1512 Non,
307 1455 372 1518 ego
388 1433 537 1518 poscenti
556 1435 646 1518 quod
665 1455 740 1500 sum
758 1434 826 1501 cito
844 1434 968 1500 tradita
986 1434 1070 1518 regi,

243 1543 341 1627 culpa
357 1553 415 1608 tua
431 1552 491 1607 est.
541 1543 708 1628 Quamvis
725 1544 806 1609 haec
823 1564 956 1628 quoque
971 1544 1068 1627 culpa
1085 1553 1143 1608 tua
1158 1551 1218 1609 est.

198 1651 290 1717 Nam
309 1652 409 1717 simul
430 1651 619 1737 Eurybates
639 1674 692 1718 me
712 1652 979 1738 Talthybiusque
999 1662 1173 1731 vocarunt,

243 1760 409 1846 Eurybati
431 1761 512 1827 data
532 1782 607 1828 sum
629 1761 879 1847 Talthybioque
898 1782 1018 1844 comes
1262 1774 1289 1819 1⁰

196 1870 294 1936 Alter
316 1871 350 1935 in
372 1871 509 1937 alterius
530 1871 692 1937 iactantes
713 1871 851 1952 lumina,
875 1872 1006 1937 vultum

242 1979 448 2063 quaerebant
465 1979 569 2060 taciti,
588 1990 701 2047 noster
718 1980 775 2046 ubi
794 1991 883 2048 esset
900 2001 1006 2046 amor.

195 2088 338 2155 Differri
359 2089 471 2174 potui:
491 2110 617 2173 poenae
636 2110 733 2155 mora
751 2099 851 2174 grata
872 2090 1000 2155 fuisset.

242 2198 284 2264 Ei
302 2198 397 2278 mihi,
414 2197 588 2265 discedens
605 2199 720 2266 oscula
737 2199 829 2265 nulla
846 2198 941 2265 dedi!

195 2308 244 2375 At
267 2308 422 2374 lacrimas
445 2307 517 2374 sine
538 2308 603 2374 line
626 2308 715 2386 dedi,
739 2308 881 2393 rupique
902 2309 1059 2393 capillos:
1263 2320 1291 2367 1⁵

243 2417 364 2483 infelix
382 2417 507 2483 iterum
525 2439 601 2483 sum
619 2417 701 2483 mihi
722 2417 795 2484 visa
813 2418 896 2502 capi.

199 2527 266 2595 Sed
290 2527 370 2592 data
391 2526 466 2605 sim,
489 2525 569 2611 quia
587 2526 700 2592 danda
721 2526 782 2592 lui.
827 2527 896 2594 Tot
916 2527 1069 2593 noctibus
1090 2526 1220 2607 absum,

242 2658 302 2702 nec
319 2644 461 2720 repetor.
504 2634 636 2713 Cessas,
654 2635 770 2719 iraque
785 2636 874 2701 lenta
890 2646 948 2702 tua
965 2647 1025 2702 est.

197 2745 275 2830 Ipse
292 2744 526 2810 Menoetiades
544 2754 627 2824 tum,
646 2765 723 2809 cum
741 2745 909 2824 tradebar,
930 2746 963 2810 in
981 2767 1098 2812 aurem
1123 2771 1125 2776 ·

242 2854 358 2940 ‘Quid
381 2853 465 2920 fles?
513 2853 580 2918 Hic
602 2874 709 2938 parvo
732 2853 904 2937 tempore'
930 2854 1018 2919 dixit
1042 2852 1151 2919 ‘eris’

196 2962 268 3028 Nec
287 2961 449 3046 repetisse
467 2982 596 3045 parurn.
643 2962 793 3047 Pugnas,
813 2984 856 3028 ne
875 2963 1007 3041 reddar,
1028 2962 1169 3028 Achille.
1262 2975 1290 3021 25

244 3072 259 3137 l
278 3092 367 3137 nunc
384 3081 418 3136 et
435 3070 547 3155 cupidi
565 3092 687 3136 nornen
703 3071 849 3138 amantis
866 3071 967 3136 habe!

196 3180 372 3247 Venerunt
395 3181 439 3246 ad
463 3190 497 3244 te
521 3180 706 3245 Telamone
729 3190 762 3246 et
786 3179 976 3265 Amyntore
1001 3179 1081 3258 nati,

243 3289 299 3356 ille
320 3289 433 3374 gradu
452 3288 590 3373 propior
611 3288 801 3373 sanguinis,
824 3289 878 3354 ille
899 3309 1021 3369 comeS,

197 3398 388 3484 Laertaque
405 3409 511 3478 satus,
528 3420 588 3484 per
604 3419 689 3483 quos
706 3398 867 3464 comitata
884 3398 1049 3465 redirem:

242 3519 411 3574 auxerunt
428 3508 550 3573 blanda
570 3507 713 3592 grandia
731 3508 821 3573 dona
838 3528 944 3590 prece,

200 3617 318 3703 viginti
346 3618 460 3684 fulvos
484 3639 627 3703 operoso
651 3639 694 3683 ex
718 3638 794 3682 aere
819 3618 943 3683 lebetas

243 3738 274 3794 et
290 3728 442 3813 tripodas
460 3736 589 3811 septem
606 3726 756 3811 pondere
775 3737 809 3792 et
825 3736 899 3792 arte
916 3746 1032 3810 pares:

200 3837 314 3903 addita
337 3847 415 3904 sunt
437 3835 504 3902 illis
525 3834 598 3901 auri
620 3834 671 3901 bis
692 3835 840 3919 quinque
859 3835 998 3913 talenta,
