3042 4475
536 278 620 331 THE
647 278 1006 333 METAMORPHOSES

226 454 363 539 liliaque
383 455 551 541 infringat
572 456 675 523 fulvis
695 458 867 524 horrentia
889 458 1025 545 linguis,

225 564 376 630 marcida
398 565 578 633 demittant
601 566 712 633 subito
735 577 835 651 caput
859 568 915 633 illa
941 556 1078 647 vieturn,

225 694 287 739 nec
310 694 346 740 se
366 673 564 752 sustineant,
587 686 801 759 spectentque
822 676 993 741 cacumine
1014 687 1157 743 terram:

226 782 275 848 sic
297 783 410 849 vultus
432 784 579 849 moriens
602 784 697 862 iacet,
718 795 751 851 et
773 784 908 851 defecta
929 785 1048 870 vigore
1107 772 1109 779 ¹

227 894 300 978 ipsa
320 893 383 960 sibi
403 903 455 959 est
474 893 568 959 oneri
589 893 705 959 cervix
725 914 909 978 umeroque
929 894 1099 961 recumbit.
1280 908 1318 953 12⁵

227 1003 247 1029 “
262 1002 410 1081 Laberis
436 1003 609 1080 Oebalide,
633 1002 742 1088 prima
766 1003 921 1069 fraudate
944 1003 1112 1082 iuventa,''

228 1112 384 1177 Phoebus
406 1113 463 1190 ait,
488 1111 686 1196 “videoque
709 1123 815 1191 tuum,
841 1134 916 1178 mea
940 1113 1091 1191 crimina,
1115 1113 1246 1178 vulnus.

225 1220 282 1285 Tu
299 1221 396 1286 dolor
413 1242 448 1286 es
467 1220 666 1305 facinusque
681 1243 813 1288 meum:
831 1242 906 1287 mea
923 1222 1062 1288 dextera
1080 1222 1146 1287 leto

226 1330 438 1396 inscribenda
458 1340 518 1396 tuo
538 1329 605 1396 est!
651 1330 728 1416 Ego
749 1351 824 1396 sum
845 1331 904 1397 tibi
928 1330 1056 1396 funeris
1077 1341 1204 1396 auctor.

225 1438 323 1524 Quae
338 1460 414 1504 mea
429 1439 527 1522 culpa
541 1438 678 1505 tamen?
726 1439 802 1505 Nisi
820 1439 847 1506 si
865 1440 983 1505 lusisse
999 1438 1111 1506 vocari
1279 1452 1318 1497 ²³⁰

224 1549 323 1631 culpa
343 1559 464 1633 potest,
484 1548 549 1614 nisi
569 1549 666 1634 culpa
685 1559 795 1633 potest
814 1559 847 1615 et
866 1570 996 1615 amasse
1016 1548 1139 1615 vocari.

224 1657 340 1741 Atque
361 1658 490 1723 utinam
513 1658 634 1723 merito
655 1658 762 1724 vitam
784 1669 960 1742 tecumque
982 1658 1094 1724 liceret

225 1766 381 1832 reddere!
426 1767 529 1852 Quod
549 1766 711 1851 quoniam
733 1766 829 1834 fatali
851 1768 925 1853 lege
943 1778 1107 1845 tenemur,

226 1897 356 1959 semper
377 1876 444 1941 eris
466 1898 608 1954 mecum,
632 1876 839 1961 memorique
859 1876 1010 1943 haerebis
1033 1878 1066 1941 in
1091 1897 1157 1941 ore.

224 1984 275 2048 Te
291 1985 364 2069 lyra
381 1984 476 2068 pulsa
492 2005 605 2063 manu,
623 1996 656 2051 te
671 1984 823 2051 carmina
838 1997 956 2052 nostra
971 1984 1148 2062 sonabunt,
1279 1998 1319 2043 π

225 2094 354 2178 flosque
374 2116 483 2160 novus
505 2094 629 2179 scripto
650 2095 797 2180 gemitus
819 2095 992 2161 imitabere
1012 2105 1156 2160 nostros

225 2204 376 2288 Tempus
396 2215 428 2271 et
450 2203 532 2270 illud
552 2204 626 2284 erit,
647 2226 715 2290 quo
736 2226 772 2271 se
793 2203 999 2271 fortissimus
1019 2204 1117 2270 heros

224 2314 327 2379 addat
349 2313 383 2378 in
404 2314 492 2379 hunc
513 2313 641 2392 florem,
665 2314 814 2398 folioque
834 2315 966 2399 legatur
987 2312 1137 2379 eodem.'’

272 2421 393 2487 ‘Talia
415 2422 496 2488 dum
520 2444 600 2487 vero
623 2433 855 2488 memorantur
877 2420 1046 2507 Apollinis
1069 2442 1136 2500 ore,

147 2525 150 2532 ’
223 2551 299 2596 ecce
319 2551 428 2608 cruor,
450 2530 507 2615 qui
531 2530 628 2596 fusus
649 2531 753 2596 humo
776 2531 969 2616 signaverat
991 2529 1121 2608 herbas,
1265 2545 1318 2588 *21⁰

224 2640 348 2705 desinit
369 2661 441 2706 esse
463 2661 573 2718 cruor,
596 2640 771 2726 Tyrioque
790 2640 951 2706 nitentior
973 2649 1065 2704 ostro

224 2749 287 2814 flos
309 2749 428 2827 oritur,
453 2749 665 2833 formamque
687 2750 776 2834 capit
798 2771 900 2833 quam
921 2747 1000 2826 lilia,
1023 2748 1049 2814 si
1072 2770 1138 2813 non

223 2878 412 2941 purpureus
433 2858 526 2923 color
546 2857 609 2935 his,
631 2867 813 2943 argenteus
833 2867 919 2922 esset
940 2856 973 2920 in
995 2855 1070 2921 illis.

271 2965 375 3030 ‘Non
411 2966 493 3031 satis
528 2966 592 3031 hoc
628 2965 766 3032 Phoebo
801 2976 850 3031 est
892 2963 940 3047 (is
975 2965 1064 3031 enirn
1101 2964 1166 3031 tuit
1201 2977 1332 3054 auctor·

317 3073 500 3156 honoris):

223 3182 295 3266 ipse
311 3203 391 3247 suos
409 3181 556 3265 gemitus
575 3182 668 3248 loliis
685 3181 847 3261 inscribit,
867 3192 899 3249 et
917 3181 969 3248 ΑΙ
987 3182 1039 3248 ΑΙ
1279 3198 1318 3242 215

222 3293 286 3357 flos
307 3292 408 3358 habet
431 3291 640 3375 inscriptum,
664 3291 864 3376 funestaque
885 3292 997 3358 littera
1018 3292 1119 3358 ducta
1140 3302 1199 3358 est.

223 3401 296 3467 Nec
315 3400 476 3486 genuisse
493 3401 595 3484 pudet
617 3401 761 3485 Sparten
782 3401 1012 3487 Hyacinthon,
1033 3401 1208 3485 honorque

222 3511 323 3576 durat
346 3510 381 3575 in
404 3510 469 3576 hoc
490 3510 576 3595 aevi,
599 3511 867 3594 celebrandaque
888 3530 982 3575 more
1004 3493 1156 3593 priorum

223 3638 334 3683 annua
358 3619 509 3703 praelata
533 3618 672 3684 redeunt
697 3618 905 3704 Hyacinthia
929 3617 1073 3704 pompa.'
