3042 4475
475 283 559 342 THE
586 283 946 339 METAMORPHOSES

165 464 282 549 Aegea
303 464 350 529 sic
371 464 532 543 Theseus,
554 465 602 531 sic
624 465 722 531 Pelea
744 465 848 531 vincit
868 464 1027 531 Achilles,

165 574 330 657 Denique,
355 583 393 639 ut
416 574 579 659 exemplis
603 574 693 659 ipsos
716 573 938 658 aequantibus
960 582 1048 651 utar,

165 683 265 749 sicet
286 683 454 749 Saturnus
473 683 584 749 minor
604 694 654 750 est
674 683 768 749 Iove.
813 682 964 767 Iuppiter
983 703 1077 747 arces

164 801 330 877 temperat
352 792 517 858 aetherias
539 802 571 859 et
592 792 710 858 mundi
733 814 839 877 regna
861 790 1039 869 triformis

167 912 257 967 terra
275 901 337 967 sub
353 902 513 986 Augusto
530 912 598 967 est:
616 911 711 985 pater
726 911 777 966 est
793 911 825 966 et
842 910 951 966 rector
967 909 1116 982 uterque.
1219 913 1258 957 sto

210 1010 268 1088 Di,
287 1031 418 1095 precor,
438 1009 574 1075 Aeneae
591 1010 740 1089 comiteS,
759 1010 881 1093 quibus
899 1010 988 1076 ensis
1006 1020 1039 1077 et
1058 1010 1147 1095 ignis

164 1129 346 1197 cesserunt,
370 1119 472 1203 dique
494 1118 665 1204 Indigetes
687 1119 887 1205 genitorque
909 1118 1054 1204 Quirine

164 1229 257 1295 urbis
281 1239 314 1295 et
339 1228 454 1295 invicti
480 1228 615 1314 genitor
638 1228 787 1295 Gradive
810 1227 957 1313 Quirini,

166 1337 340 1421 Vestaque
358 1337 542 1403 Caesareos
559 1338 646 1403 inter
663 1347 795 1404 sacrata
812 1347 960 1421 penates,
1219 1349 1258 1394 86⁵

164 1458 196 1514 et
219 1469 297 1512 cum
320 1446 488 1512 Caesarea
510 1457 559 1525 tu,
583 1448 719 1513 Phoebe
740 1446 932 1524 domestice,
956 1445 1073 1524 Vesta,

165 1557 288 1640 quique
309 1566 401 1621 tenes
422 1557 510 1623 altus
529 1556 695 1642 Tarpeias
717 1556 868 1642 Iuppiter
888 1574 991 1632 arceS,

164 1687 316 1750 quosque
333 1665 419 1731 alios
438 1666 506 1731 vati
528 1666 580 1731 ias
599 1666 768 1751 appellare
785 1665 944 1750 piumque
962 1675 1031 1732 est:

164 1776 262 1841 tarda
286 1775 330 1841 sit
352 1774 408 1840 illa
430 1776 501 1841 dies
523 1786 555 1841 et
577 1786 694 1841 nostro
715 1775 823 1841 serior
843 1796 938 1852 aevo,

165 1906 231 1969 qua
248 1894 349 1968 caput
366 1883 575 1969 Augustum,
593 1905 693 1969 quem
708 1893 884 1968 temperat,
903 1882 985 1949 orbe
1002 1882 1118 1949 relicto
1219 1896 1259 1941 87⁰

164 1993 302 2059 accedat
323 1994 415 2059 caelo
438 1993 617 2078 faveatque
638 1993 851 2079 precantibus
871 1991 1008 2060 absens!

588 2287 837 2355 EPILOGUE

543 2519 546 2529 ,
572 2443 653 2507 (Ma.
667 2457 710 2504 xv,
724 2442 858 2510 871-879)

240 2582 334 2665 [The
355 2593 433 2667 poet
455 2584 649 2669 prophesies
670 2586 727 2650 the
750 2584 972 2670 immortality
993 2584 1032 2650 of
1052 2585 1106 2650 his
1127 2584 1253 2670 work.]

211 2724 352 2809 Iamque
371 2746 455 2809 opus
476 2725 587 2811 exegi,
607 2727 697 2810 quod
716 2747 777 2792 nec
797 2725 889 2792 Iovis
908 2726 958 2790 ira
977 2747 1037 2790 nec
1057 2724 1146 2810 ignis

165 2855 225 2899 nec
246 2833 371 2918 poterit
394 2833 521 2900 ferrum
544 2855 605 2900 nec
626 2836 714 2900 edax
736 2835 871 2901 abolere
891 2843 1051 2899 vetustas

166 2942 254 3008 Cum
277 2944 377 3022 volet,
401 2943 457 3008 illa
479 2943 561 3022 dies,
584 2965 671 3028 quae
691 2944 738 3009 nil
760 2944 825 3009 nisi
848 2945 998 3029 corporis
1020 2944 1120 3011 huius

165 3053 216 3118 ius
236 3053 349 3131 habet,
370 3052 486 3119 incerti
508 3053 654 3138 spatium
675 3053 757 3118 mihi
778 3051 873 3119 finiat
894 3053 987 3120 aevi:

166 3172 261 3245 parte
280 3172 393 3227 tamen
411 3163 549 3227 meliore
568 3162 633 3228 mei
653 3183 752 3245 super
772 3163 840 3228 alta
857 3163 1013 3247 perennis
1220 3177 1259 3222 su

164 3281 256 3336 astra
279 3270 379 3350 ferar,
400 3292 589 3355 nomenque
609 3271 672 3338 erit
693 3271 869 3338 indelebile
888 3281 1051 3337 nostrum.

164 3380 309 3464 Quaque
332 3390 423 3464 patet
448 3380 585 3447 domitis
612 3381 766 3446 Romana
790 3379 940 3464 potentia
964 3380 1073 3459 terris,

164 3510 222 3555 ore
241 3489 336 3573 legar
355 3489 478 3573 populi,
497 3511 622 3575 perque
641 3489 756 3555 omnia
775 3490 911 3556 saecula
931 3488 1034 3567 fama,

165 3598 277 3683 siquid
301 3597 424 3664 habent
448 3600 517 3664 veri
544 3608 662 3664 vatum
686 3599 874 3684 praesagia,
899 3597 1024 3663 vivam.
