3042 4475
487 272 712 327 EPISTULAE
738 272 791 326 EX
821 272 957 329 PONTO

175 450 236 516 Ille
256 461 308 517 est
327 451 361 516 in
384 451 534 518 Pontum
555 452 648 518 Pelia
668 453 823 520 mittente
841 452 1024 539 profectus,

219 560 276 644 qui
299 560 360 626 vix
381 560 579 627 Thessaliae
600 561 666 628 fine
687 563 861 629 timendus
882 572 972 629 erat:

104 748 108 754 ¹
172 668 330 736 Caesaris
350 670 399 735 ira
418 670 502 736 mihi
522 671 648 750 nocuit,
667 692 767 755 quem
787 671 867 737 solis
886 672 928 737 ab
946 681 1023 738 ortu

218 779 300 846 solis
321 780 365 846 ad
387 801 527 847 occasus
548 791 691 865 utraque
711 791 802 847 terra
823 780 947 847 tremit.

174 888 326 955 iunctior
344 888 538 956 Haemonia
554 900 605 957 est
625 890 748 968 Ponte,
766 910 868 974 quam
890 890 1010 967 Roma,
1031 888 1178 965 sinistro

218 1008 252 1064 et
274 999 420 1078 brevius,
443 1020 546 1084 quam
567 1021 640 1078 nos,
664 999 720 1067 ille
742 999 874 1086 peregit
897 999 968 1067 iter.

173 1107 235 1174 Ille
253 1107 373 1173 habuit
393 1107 533 1173 comites
553 1108 682 1193 primos
702 1108 832 1174 telluris
853 1108 1023 1175 Achivae:

216 1228 252 1284 at
272 1227 424 1283 nostram
444 1216 556 1282 cuncti
576 1216 758 1284 destituere
778 1215 907 1302 fugam.

173 1324 248 1391 Nos
269 1324 383 1410 fragili
401 1325 496 1410 ligno
512 1335 646 1391 vastum
663 1325 867 1391 sulcavimus
883 1346 1026 1409 aequor:

217 1454 304 1518 quae
325 1433 403 1500 tulit
425 1433 633 1513 Aesoniden,
657 1454 754 1500 sacra
776 1433 892 1499 carina
917 1433 992 1500 fuit.

173 1542 246 1609 Nec
262 1542 346 1608 mihi
366 1542 498 1628 Tiphys
516 1553 588 1609 erat
608 1552 734 1621 rector;
751 1563 812 1607 nec
831 1542 992 1627 Agenore
1007 1552 1117 1621 natus,

216 1672 300 1736 quas
324 1650 493 1736 lugerem,
518 1650 643 1729 docuit,
666 1672 752 1736 quas
775 1671 998 1735 sequererque
1020 1650 1103 1716 vias.

172 1760 272 1826 Illum
290 1769 400 1825 tutata
419 1770 470 1825 est
488 1781 565 1826 cum
585 1760 723 1825 Pallade
742 1759 837 1844 regia
856 1760 960 1826 Iuno:

215 1868 399 1935 defendere
411 1889 535 1935 meum
557 1868 699 1935 numina
721 1868 814 1934 nulla
835 1878 945 1952 caput.

171 1979 273 2045 Illum
297 1978 447 2044 furtivae
470 1978 584 2045 iuvere
609 1977 787 2063 Cupidinis
813 1988 920 2043 artes:

214 2110 300 2173 quas
323 2109 343 2153 a
364 2109 420 2154 me
440 2087 564 2153 vellem
586 2108 655 2154 non
678 2086 850 2153 didicisset
871 2087 990 2153 Amor.

170 2197 232 2264 Ille
254 2198 395 2265 domurn
417 2195 535 2263 rediit:
558 2217 621 2262 nos
643 2195 697 2262 his
720 2195 904 2262 moriemur
927 2194 961 2261 in
983 2194 1085 2275 arvis

213 2306 400 2392 perstiterit
419 2305 501 2372 laesi
522 2305 549 2371 si
568 2304 685 2391 gravis
704 2305 755 2370 ira
774 2304 838 2371 dei.

169 2416 300 2482 Durius
315 2425 366 2482 est
383 2414 488 2500 igitur
504 2424 669 2493 nostrum,
686 2414 850 2480 fidissima
868 2413 1027 2491 coniunx,

214 2525 283 2603 illo,
304 2524 396 2608 quod
418 2522 520 2590 subiit
540 2523 678 2589 Aesone
698 2533 809 2602 natus,
831 2544 926 2590 onus

168 2634 219 2725 Te
231 2653 376 2719 quoque,
393 2653 494 2717 quam
512 2631 668 2698 iuvenem
682 2631 857 2698 discedens
870 2631 953 2698 urbe
967 2632 1097 2716 reliqui,

211 2741 374 2810 credibile
389 2750 445 2807 est
465 2739 590 2807 nostris
611 2739 801 2807 insenuisse
819 2740 926 2806 malis

169 2852 219 2920 Ol
239 2874 318 2937 ege,
338 2851 371 2917 di
395 2850 522 2916 faciant
541 2837 644 2916 talem
663 2859 699 2916 te
718 2870 855 2916 cernere
873 2848 1010 2935 possim,

213 2980 358 3044 caraque
377 2959 517 3025 mutatis
534 2960 650 3026 oscula
670 2960 759 3024 ferre
778 2958 885 3044 genis,

167 3068 391 3154 amplectique
408 3067 492 3134 meis
509 3089 632 3152 corpus
649 3090 717 3133 non
735 3068 861 3153 pingue
878 3068 1021 3146 lacertis,

212 3189 246 3245 et
268 3177 419 3264 ‘gracile
441 3177 505 3243 hoc
529 3176 630 3243 lecit'
653 3177 764 3243 dicere
786 3177 889 3244 ‘cura
910 3177 999 3258 mei,'

166 3298 198 3354 et
218 3307 360 3354 narrare
379 3308 472 3354 meos
493 3286 586 3354 flenti
607 3286 694 3352 flens
715 3286 786 3371 ipse
806 3287 947 3367 labores,

212 3406 348 3483 sperato
369 3417 556 3481 numquam
577 3396 823 3480 conloquioque
846 3395 925 3476 frui,

166 3517 309 3592 turaque
325 3505 527 3572 Caesaribus
544 3526 621 3571 cum
637 3505 783 3590 coniuge
800 3504 945 3572 Caesare
962 3506 1079 3592 digna,

211 3616 264 3683 dis
283 3615 383 3694 veris,
403 3614 547 3681 memori
567 3614 678 3681 debita
699 3614 788 3681 ferre
807 3614 927 3682 manu!

168 3725 365 3793 Memnonis
387 3724 476 3790 hanc
497 3723 638 3802 utinam,
661 3723 765 3789 lenito
786 3724 946 3809 principe,
969 3735 1078 3792 mater

211 3833 478 3921 quamprimum
496 3852 593 3899 roseo
610 3842 769 3917 provocet
786 3854 845 3900 ore
864 3833 970 3900 diem!
