3042 4475
212 304 273 351 110
500 289 744 346 SELECTIONS
773 292 883 347 FROM
912 293 1011 348 OVID

259 468 341 535 Inde
360 471 525 536 recordati
545 471 694 538 Teucros
711 495 731 538 a
749 474 914 558 sanguine
933 475 1054 541 Teucri
1263 493 1302 535 vos

210 577 332 645 ducere
352 579 564 664 principium,
587 581 724 648 Cretam
746 594 899 649 tenuere:
922 584 1051 667 locique

212 686 301 754 ferre
324 688 382 753 diu
407 689 565 773 nequiere
590 689 716 768 Iovem,
741 702 941 776 centumque
966 693 1089 758 relictis

210 797 348 862 urbibus
370 796 543 863 Ausonios
564 809 682 882 optant
705 800 900 884 contingere
922 811 1048 885 portus.

211 906 326 972 Saevit
349 907 456 972 hiems
479 907 645 992 iactatque
668 908 770 987 viros,
796 908 1093 993 Strophadumque
1114 921 1265 999 receptos

210 1015 373 1097 portubus
395 1014 506 1080 infidis
525 1016 690 1081 exterruit
710 1017 779 1080 ales
799 1016 908 1080 Aello,
1263 1034 1301 1075 no

211 1124 255 1190 Et
277 1123 344 1189 iam
366 1124 543 1190 Dulichios
564 1135 681 1210 portus
703 1125 921 1210 Ithacamque
944 1127 1140 1210 Samonque

211 1232 426 1317 Neritiasque
445 1235 576 1312 domus,
597 1255 740 1319 regnum
761 1234 890 1300 fallacis
909 1235 1036 1313 Ulixis,

208 1352 340 1425 praeter
361 1353 457 1408 erant
479 1343 583 1409 vecti:
604 1353 766 1409 certatam
788 1344 844 1409 lite
866 1343 1005 1408 deorum

209 1451 427 1517 Ambraciam
449 1452 602 1536 versique
625 1452 740 1518 vident
764 1452 825 1517 sub
847 1452 996 1537 imagine
1018 1474 1138 1519 saxum

210 1560 338 1638 iudicis,
358 1560 499 1626 Actiaco
516 1581 602 1644 quae
619 1582 707 1626 nunc
723 1560 765 1625 ab
783 1560 941 1644 Apolline
959 1571 1040 1626 nota
1059 1571 1118 1640 est,
1263 1578 1301 1621 ns

209 1670 424 1753 vocalemque
446 1691 506 1735 sua
529 1651 654 1735 terram
676 1669 859 1735 Dodonida
881 1691 1005 1754 quercu

209 1777 445 1863 Chaoniosque
467 1778 571 1857 sinus,
594 1778 650 1844 ubi
674 1779 744 1843 nati
770 1800 849 1864 rege
871 1780 1026 1844 Molosso

208 1887 309 1952 inrita
325 1886 481 1952 subiectis
498 1887 618 1971 fugere
635 1887 788 1953 incendia
803 1887 930 1971 pennis,
992 1974 993 1977 Ἴ

256 1996 418 2062 Proxima
439 1996 630 2062 Phaeacum
652 1996 805 2062 felicibus
824 1996 932 2063 obsita
952 1998 1061 2081 pomis

209 2127 289 2171 rura
306 2115 432 2189 petunt.
478 2104 602 2188 Epiros
621 2104 665 2169 ab
683 2104 736 2169 his
756 2116 963 2189 regnataque
982 2107 1050 2171 vati
1262 2120 1301 2165 no

208 2214 392 2281 Buthrotos
419 2214 570 2300 Phrygio
595 2213 819 2298 simulataque
843 2214 947 2281 Troia
971 2226 1111 2282 tenetur.

255 2324 338 2391 Inde
358 2325 552 2390 futurorum
572 2323 664 2402 certi,
686 2345 773 2407 quae
792 2334 911 2389 cuncta
931 2323 1019 2388 fideli

209 2434 397 2500 Priamides
419 2434 570 2499 Helenus
591 2432 723 2499 monitu
744 2433 969 2517 praedixerat,
991 2434 1118 2499 intrant

208 2544 398 2611 Sicaniam:
422 2544 529 2610 tribus
551 2544 634 2609 haec
657 2542 807 2609 excurrit
831 2541 864 2606 in
888 2563 1037 2625 aequora
1060 2543 1182 2627 pinnis,

206 2675 224 2719 e
243 2654 363 2738 quibus
382 2652 575 2718 imbriferos
594 2663 644 2718 est
663 2673 760 2716 versa
781 2651 958 2734 Pachynos
976 2651 1018 2716 ad
1039 2650 1195 2730 AustroS,
1261 2666 1298 2708 725

206 2761 363 2828 mollibus
387 2761 579 2846 expositum
604 2759 768 2844 Zephyris
794 2759 987 2843 Lilybaeon,
1014 2760 1057 2825 ad
1081 2758 1205 2824 Arctos

206 2871 361 2955 aequoris
384 2881 537 2956 expertes
561 2881 687 2954 spectat
710 2871 920 2953 Boreamque
944 2869 1091 2933 Peloros.

207 2982 284 3047 Hac
306 2982 448 3047 subeunt
471 2979 604 3057 Teucri,
628 2990 660 3045 et
683 2979 784 3044 remis
806 2989 966 3062 aestuque
989 2976 1135 3041 secundo

207 3091 269 3157 sub
288 3101 420 3156 noctem
441 3089 568 3173 potitur
588 3088 757 3154 Zanclaea
777 3087 893 3153 classis
914 3086 1049 3151 harena.

489 3354 687 3423 AENEAS
725 3354 778 3419 IN
816 3351 1008 3419 LATIUM

602 3496 684 3563 (Met
697 3492 750 3555 xiv.
766 3493 897 3562 527-580)

281 3623 395 3707 [Even
418 3623 507 3689 aiter
529 3622 586 3688 the
607 3619 778 3705 promised
801 3619 886 3704 land
902 3619 940 3684 oi
963 3618 1100 3683 Latium
1123 3618 1190 3682 had
1214 3595 1296 3682 been

207 3734 357 3810 reached,
377 3733 433 3799 the
453 3729 603 3814 Trojans
624 3729 731 3795 found
751 3728 950 3794 themselves
968 3727 1062 3792 beset
1082 3726 1164 3792 with
1184 3724 1293 3808 perils

207 3842 360 3922 Latinus,
380 3842 438 3908 the
456 3841 550 3928 king,
571 3860 659 3927 gave
679 3837 732 3903 his
753 3836 920 3924 daughter
941 3835 1084 3902 Lavinia
1105 3845 1141 3904 to
1162 3834 1296 3903 Aeneas
