3042 4475
113 326 118 337 ⁴
227 276 270 341 30
518 261 763 317 SELECTIONS
792 263 901 318 FROM
930 263 1029 318 OVID

228 440 394 525 officiique
413 440 534 520 refers
552 443 643 526 quod
661 443 784 516 adunci
802 443 942 508 vulnera
958 445 1062 509 aratri

229 559 481 635 rastrorumque
505 551 588 628 fem,
611 562 748 635 totoque
770 573 927 617 exerceor
948 574 1049 631 anno,

228 658 319 741 quod
336 658 449 742 pecori
471 658 622 738 frondes,
641 660 869 744 alimentaque
887 661 994 739 mitia,
1016 660 1144 747 fruges,

227 766 378 832 humano
395 768 523 853 generi,
543 768 638 835 vobis
655 790 788 853 quoque
806 780 882 835 tura
899 770 1079 836 ministro?

229 876 299 943 Sed
316 886 431 943 tamen
449 878 591 943 exitium
611 878 666 944 lac
682 900 736 943 me
752 878 934 945 meruisse:
951 879 1032 963 quid
1050 881 1171 958 undae,
1281 896 1320 938 2⁹⁰

228 986 309 1069 quid
334 986 456 1052 meruit
482 987 610 1054 frater?
658 986 728 1053 Cur
753 987 800 1051 illi
825 987 951 1053 tradita
975 998 1065 1054 sorte
1124 1038 1129 1043 -

226 1115 373 1178 aequora
396 1095 600 1173 decrescunt,
625 1105 658 1161 et
681 1095 723 1175 ab
745 1096 880 1163 aethere
903 1096 1037 1181 longius
1060 1097 1205 1163 absunt?

226 1202 359 1286 Quodsi
377 1225 438 1269 nec
457 1203 572 1269 fratris
590 1226 651 1271 nec
667 1215 700 1271 te
716 1226 792 1270 mea
809 1205 921 1290 gratia
938 1206 1062 1291 tangit,

226 1321 261 1376 at
282 1312 364 1377 caeli
387 1312 549 1380 miserere
570 1314 628 1379 tui.
676 1313 905 1399 Circumspice
925 1325 1115 1399 utrumque,

228 1420 338 1487 fumat
357 1431 499 1506 uterque
517 1421 624 1507 polus.
668 1423 766 1507 Quos
784 1424 812 1489 si
831 1423 1004 1490 vitiaverit
1024 1424 1123 1509 ignis
1281 1440 1319 1482 2⁹⁵

226 1530 313 1594 atria
340 1540 451 1595 vestra
477 1541 583 1595 ruent.
634 1531 732 1597 Atlas
758 1553 799 1597 en
825 1533 896 1617 ipse
920 1533 1061 1611 laborat,

226 1638 352 1721 vixque
375 1638 445 1703 suis
467 1639 592 1705 umeris
613 1640 811 1706 candentem
833 1642 1112 1710 sustinetaxem.

227 1747 264 1813 Si
286 1746 385 1825 freta,
405 1747 433 1812 si
452 1757 561 1813 terrae
579 1760 732 1832 pereunt,
752 1751 780 1815 si
801 1750 897 1835 regia
915 1750 1010 1829 caeli,

226 1856 261 1921 in
281 1856 384 1922 chaos
404 1857 582 1941 antiquum
602 1858 856 1924 confundimur.
902 1859 1004 1944 Eripe
1024 1860 1182 1938 flammis,

225 1965 337 2049 siquid
357 1965 468 2031 adhuc
488 1976 650 2050 superest,
669 1976 702 2033 et
722 1988 836 2033 rerum
855 1968 994 2034 consule
1012 1968 1185 2034 summae!
1279 1985 1319 2028 aaa

210 2024 233 2151 b
271 2075 416 2140 Dixerat
435 2075 516 2141 haec
536 2076 669 2141 Tellus:
689 2096 798 2160 neque
818 2076 911 2143 enim
929 2078 1072 2143 tolerare
1092 2099 1252 2163 vaporem

224 2184 365 2250 ulterius
385 2184 495 2270 potuit
514 2206 575 2252 nec
594 2185 706 2252 dicere
725 2186 841 2271 plura:
860 2207 1025 2272 suumque

225 2295 353 2361 rettulit
371 2317 409 2361 os
427 2295 462 2359 in
480 2317 516 2360 se
532 2295 757 2380 propioraque
773 2295 930 2362 manibus
946 2306 1057 2362 antra.

270 2404 318 2470 At
339 2415 435 2490 pater
455 2404 680 2488 omnipotens,
702 2426 841 2489 superos
862 2415 1006 2472 testatus
1026 2416 1061 2472 et
1093 2427 1203 2491 psum,

223 2514 280 2599 qui
299 2515 439 2580 dederat
457 2535 587 2591 currus,
605 2513 670 2578 nisi
688 2535 786 2598 opem
806 2513 904 2594 ferat,
922 2515 1036 2580 omnia
1056 2515 1129 2581 fato
1278 2533 1317 2575 aas

225 2624 403 2689 interitura
422 2623 531 2708 gravi,
553 2644 721 2688 summam
741 2623 827 2708 petit
845 2624 973 2689 arduus
992 2646 1115 2703 arcem,

224 2733 314 2799 unde
335 2733 419 2798 solet
441 2734 547 2798 nubes
568 2732 645 2798 latis
665 2732 823 2799 inducere
843 2732 955 2811 terris,

223 2839 315 2904 unde
332 2849 445 2903 movet
462 2837 609 2903 tonitrus
626 2836 822 2921 vibrataque
840 2836 984 2902 fulmina
1001 2839 1113 2904 iactat.

225 2947 292 3013 Sed
311 2969 420 3030 neque
437 2969 522 3032 quas
540 2956 652 3030 posset
670 2945 770 3011 terris
789 2945 948 3012 inducere
966 2948 1074 3012 nubes

223 3069 303 3122 tunc
323 3056 452 3134 habuit,
472 3077 536 3122 nec
555 3076 641 3139 quos
661 3055 754 3121 caelo
774 3054 965 3120 demitteret
985 3056 1118 3122 imbres.

225 3166 372 3244 Intonat,
394 3176 427 3230 et
449 3166 569 3231 dextra
591 3163 750 3229 libratum
773 3162 902 3228 fulmen
923 3164 967 3228 ab
987 3185 1070 3231 aure

223 3273 315 3338 misit
336 3274 370 3338 in
391 3274 558 3358 aurigam,
579 3271 771 3356 pariterque
789 3272 968 3355 animaque
989 3273 1139 3356 rotisque

222 3382 362 3465 expulit,
384 3391 418 3447 et
440 3381 550 3447 saevis
571 3379 777 3464 compescuit
799 3379 935 3464 ignibus
957 3380 1062 3464 ignes.

224 3487 492 3555 Consternantur
514 3489 602 3572 equi,
625 3497 659 3553 et
681 3488 769 3552 saltu
792 3487 827 3553 in
849 3488 1019 3553 contraria
1042 3488 1136 3555 lacto

222 3597 307 3661 colla
330 3597 412 3682 iugo
433 3597 591 3681 eripiunt,
613 3595 822 3681 abruptaque
843 3596 916 3661 lora
938 3596 1139 3680 relinquunt
1278 3614 1319 3658 ns

224 3703 297 3770 Illic
315 3705 413 3772 frena
432 3705 552 3782 iacent,
573 3705 641 3770 illic
658 3715 793 3770 temone
812 3705 965 3770 revulsus

222 3813 309 3886 axis.
330 3814 365 3880 in
385 3815 449 3880 hac
469 3813 554 3878 radii
576 3813 765 3879 fractarum
782 3823 881 3896 parte
901 3824 1063 3885 rotarum.

223 3944 405 4009 sparsaque
426 3934 504 3989 sunt
525 3923 592 3988 late
611 3922 711 3988 laceri
732 3921 877 4006 vestigia
896 3943 1024 3988 currus,
