3042 4475
522 292 606 348 THE
633 293 994 351 METAMORPHOSES

211 472 334 539 desinit
355 474 390 538 in
412 473 549 558 piscem,
573 474 699 541 falcato
720 475 875 542 vulnerat
897 497 987 543 ense.

211 584 317 648 Belua
338 583 485 667 puniceo
505 584 632 649 mixtos
652 605 730 650 eum
750 584 917 671 sanguine
938 586 1060 652 fluctus

209 716 269 760 ore
293 693 419 759 vomit:
442 693 604 759 maduere
629 714 751 778 graves
774 694 977 781 adspergine
999 716 1141 779 pennae.

211 805 285 869 Nec
306 803 428 869 bibulis
449 803 540 868 ultra
562 802 705 868 Perseus
728 802 890 870 talaribus
912 824 1016 870 ausus

210 916 358 995 credere,
380 915 557 1000 conspexit
579 915 765 1001 scopulum,
786 914 844 1000 qui
865 914 993 981 vertice
1014 936 1148 981 summo

209 1027 378 1093 stantibus
399 1037 513 1093 exstat
534 1026 641 1111 aquis,
662 1025 813 1111 operitur
834 1026 876 1091 ab
896 1046 1042 1109 aequore
1063 1036 1166 1090 moto

210 1137 325 1200 Nixus
347 1158 398 1215 eo,
421 1136 580 1221 rupisque
603 1147 718 1201 teuens
741 1136 821 1221 iuga
843 1136 952 1220 prima
975 1134 1121 1211 sinistra,

208 1256 263 1309 ter
284 1256 404 1329 quater
427 1247 543 1332 exegit
565 1248 708 1331 repetita
729 1268 789 1332 per
810 1246 866 1312 ilia
889 1245 1029 1311 ferrum.

255 1353 373 1419 Litora
395 1376 472 1420 cum
495 1356 614 1440 plausu
636 1356 764 1422 clamor
787 1376 990 1441 superasque
1012 1354 1153 1420 deorum

208 1464 390 1547 implevere
412 1466 550 1531 domos:
572 1466 723 1550 gaudent
744 1486 975 1552 generumque
997 1464 1145 1529 salutant

207 1574 444 1658 auxiliumque
465 1575 586 1641 domus
606 1586 883 1659 servatoremque
906 1574 1077 1639 latentur'

208 1682 372 1767 Cassiope
394 1684 614 1769 Cepheusque
634 1695 740 1769 pater.
789 1684 953 1749 Resoluta
974 1682 1101 1749 catenis

209 1792 336 1860 incedit
358 1793 468 1877 virg0,
490 1794 702 1878 pretiumque
724 1805 757 1860 et
778 1815 880 1859 causa
902 1792 1036 1858 laboris.

209 1901 286 1984 Ipse
305 1923 426 1968 manus
444 1899 564 1968 hausta
584 1902 737 1968 victrices
756 1901 862 1968 abluit
880 1900 982 1979 unda,

208 2011 497 2095 anguiferumque
518 2023 619 2095 caput
640 2013 725 2078 dura
746 2033 790 2078 ne
810 2011 924 2077 laedat
945 2010 1081 2087 harena,

209 2121 319 2186 mollit
342 2122 483 2186 humum
508 2120 611 2198 foliis,
635 2131 798 2205 natasque
822 2120 883 2185 sub
907 2140 1051 2202 aequore
1075 2118 1190 2201 virgas

209 2230 339 2308 sternit,
362 2241 396 2296 et
418 2230 562 2314 imponit
586 2230 819 2316 Phorcynidos
842 2250 902 2295 ora
926 2228 1099 2294 Medusae.

209 2338 321 2424 Virga
343 2360 462 2405 recens
484 2340 665 2424 bibulaque
688 2340 874 2406 etiamnum
897 2339 975 2405 viva
995 2337 1145 2403 medulla

210 2448 279 2513 vim
304 2449 416 2533 rapuit
437 2449 592 2527 monstri,
616 2459 774 2532 tactuque
797 2448 949 2513 induruit
972 2447 1083 2525 huius

209 2556 426 2642 percepitque
449 2578 577 2622 novum
603 2558 707 2623 ramis
731 2569 765 2623 et
792 2557 912 2623 fronde
936 2555 1094 2640 rigorem.

210 2665 258 2730 At
282 2666 394 2751 pelagi
420 2667 590 2751 nymphae
616 2665 745 2732 iactum
769 2666 923 2731 mirabile
948 2675 1118 2749 temptant

209 2775 361 2858 pluribus
383 2776 417 2840 in
439 2775 556 2860 virgis,
578 2786 611 2841 et
634 2775 722 2840 idem
744 2775 941 2859 contingere
963 2774 1121 2858 gaudent,

210 2883 406 2968 seminaque
425 2907 469 2950 ex
489 2884 554 2949 illis
574 2885 697 2951 iterant
717 2885 842 2951 iactata
862 2905 921 2970 per
940 2884 1058 2950 undas.

211 2993 312 3058 Nunc
331 3014 464 3077 quoque
483 2993 618 3059 curaliis
639 2994 756 3060 eadem
775 3004 897 3059 natura
917 2991 1089 3070 remansit,
1267 3006 1305 3050 rm

211 3102 373 3167 duritiam
395 3113 487 3168 tacto
508 3102 643 3187 capiant
665 3114 702 3170 ut
724 3104 767 3169 ab
789 3105 877 3181 aere,
899 3102 1057 3187 quodque
1235 3122 1286 3201 s

211 3210 323 3277 vimen
346 3212 379 3276 in
399 3233 547 3295 aequore
568 3222 651 3290 erat,
670 3211 729 3278 fiat
749 3233 848 3297 super
868 3233 1014 3296 aequora
1035 3200 1233 3324 saxums

256 3322 321 3387 Dis
342 3322 450 3388 tribus
473 3322 529 3388 ille
550 3321 645 3389 focos
667 3322 809 3388 totidem
830 3322 872 3388 de
891 3320 1038 3405 caespite
1060 3319 1167 3405 ponit,
1339 3305 1344 3320 “

211 3432 347 3497 laevum
370 3431 555 3509 Mercurio,
579 3433 737 3498 dextrum
759 3430 831 3509 tibi,
853 3430 970 3496 bellica
992 3429 1101 3514 virg0,

211 3561 270 3605 ara
293 3540 385 3606 Iovis
406 3540 518 3605 media
540 3551 599 3606 est.
647 3541 821 3607 Mactatur
843 3561 944 3605 vacca
966 3538 1152 3616 Minervae,
1268 3552 1305 3595 res

211 3650 335 3734 alipedi
359 3650 498 3728 vituluS,
520 3660 639 3716 taurus
662 3650 734 3729 tibi,
758 3670 889 3715 summe
911 3649 1062 3714 deorum.

212 3758 374 3825 Protinus
391 3759 636 3825 Andromedan
653 3771 686 3826 et
702 3759 787 3825 tanti
804 3755 952 3842 praemia
970 3755 1051 3822 facti

211 3868 364 3939 indotata
382 3868 490 3958 rapit:
508 3869 626 3936 taedas
646 3869 865 3952 Hymenaeus
884 3866 1060 3949 Amorque
