3042 4475
215 286 259 348 42
509 272 754 327 seuncrrous
784 273 893 328 raon
921 273 1020 329 0V1D.

219 452 322 519 distat
345 452 434 518 idem
456 461 556 531 terra,
579 451 743 536 finditque
765 451 946 535 vaporibus
967 472 1058 516 arva.

220 558 337 625 Sistite
357 580 442 644 opus
464 581 632 644 praesens,
654 563 850 646 nodosaque
870 561 977 627 tollite
998 561 1087 626 lina'

219 668 315 735 Iussa
339 669 402 734 viri
428 669 558 737 iaciunt
580 671 876 756 intermittuntque
899 671 1056 737 laborem.

263 776 373 842 Vallis
389 788 462 843 erat
478 778 581 863 piceis
598 790 631 845 et
648 790 746 845 acuta
763 780 867 845 densa
883 800 1052 863 cupressu,

216 886 354 953 nomine
372 886 578 973 Gargaphie,
599 888 789 955 succinctae
809 910 905 955 sacra
923 889 1064 954 Dianae.

217 994 323 1061 Cuius
343 996 377 1061 in
396 1006 552 1062 extremo
571 1008 623 1063 est
641 1008 779 1063 antrum
798 998 970 1065 nemorale
990 1019 1131 1076 recessu,

215 1116 288 1170 arte
310 1106 500 1171 laboratum
519 1106 631 1172 nulla:
651 1107 869 1173 simulaverat
887 1117 994 1174 artem

216 1214 355 1299 ingenio
371 1226 494 1281 natura
510 1237 572 1280 suo
581 1237 589 1293 余
605 1236 686 1281 narn
700 1215 833 1300 pumice
848 1216 927 1283 vivo

214 1333 246 1387 et
265 1322 393 1387 levibus
411 1322 488 1388 tofis
505 1323 658 1389 nativum
676 1324 822 1391 duxerat
838 1345 964 1392 arcum.

216 1431 308 1496 Fons
327 1442 425 1497 sonat
444 1454 464 1497 a
484 1433 617 1511 dextra,
636 1434 728 1499 tenui
747 1434 938 1518 perlucidus
957 1433 1059 1512 unda,

214 1541 368 1626 margine
389 1541 569 1626 gramineo
589 1543 723 1626 patulos
745 1542 934 1609 succinctus
954 1543 1076 1611 hiatus

261 1650 331 1716 Hic
346 1651 409 1716 dea
425 1651 588 1718 silvarum
605 1662 731 1717 venatu
748 1651 841 1718 fessa
858 1652 988 1719 solebat

214 1760 387 1845 virgineos
408 1771 503 1826 artus
525 1761 654 1845 liquido
674 1761 880 1847 perfundere
902 1782 987 1827 rore.

213 1870 293 1955 Quo
309 1879 489 1953 postquam
507 1869 620 1948 subiit,
638 1869 864 1956 nympharum
881 1871 1022 1937 tradidit
1039 1871 1097 1937 uni

213 1979 402 2064 armigerae
422 1980 570 2046 iaculum
589 1980 849 2065 pharetramque
869 2001 1033 2064 arcusque
1052 1990 1219 2057 retentos余

213 2089 320 2154 altera
340 2090 513 2173 depositae
534 2088 677 2157 subiecit
695 2089 851 2155 bracchia
870 2090 990 2173 pallae,

214 2198 326 2264 vincla
343 2199 430 2265 duae
445 2199 587 2284 pedibus
604 2199 764 2277 demunt余
781 2220 861 2264 nam
878 2198 1009 2266 doctior
1027 2198 1092 2266 illis

216 2308 359 2374 Ismenis
379 2309 520 2374 Crocale
540 2330 677 2394 sparsos
696 2329 756 2393 per
775 2308 861 2374 colla
881 2308 1020 2392 capillos

213 2417 354 2502 conligit
370 2417 405 2482 in
421 2419 560 2495 nodum,
576 2417 731 2502 quamvis
747 2427 820 2483 erat
837 2417 908 2502 ipsa
925 2417 1053 2484 solutis.

217 2528 401 2611 Excipiunt
423 2527 556 2594 laticem
578 2526 794 2611 Nepheleque
816 2527 993 2612 Hyaleque
1017 2528 1215 2612 Rhanisque

214 2648 247 2701 ct
273 2637 394 2702 Psecas
416 2647 449 2701 et
476 2636 602 2709 Phiale,
628 2635 842 2719 funduntque
864 2635 1041 2719 capacibus
1064 2636 1168 2702 umis.

261 2744 422 2828 Dumque
444 2744 489 2810 ibi
511 2744 677 2828 perluitur
698 2744 798 2810 solita
820 2744 957 2810 Titania
978 2745 1126 2830 lympha,

214 2876 291 2920 ecce
308 2875 414 2938 nepos
435 2853 556 2919 Cadmi
577 2854 683 2919 dilata
702 2863 799 2938 parte
819 2854 973 2919 laborum

215 2984 273 3046 per
290 2984 408 3027 nemus
426 2963 582 3047 ignotum
599 2984 668 3027 non
685 2962 786 3028 certis
803 2962 957 3045 passibus
974 2983 1092 3029 errans

215 3072 366 3156 pervenit
387 3072 421 3136 in
442 3073 572 3137 lucum:
593 3071 641 3136 sic
661 3071 755 3136 illum
777 3070 849 3135 fata
871 3070 1038 3137 terebant.

214 3182 284 3266 Qui
305 3182 404 3246 simul
425 3183 565 3248 intrarit
585 3181 736 3248 rorantia
756 3180 909 3247 lontibus
929 3193 1040 3260 antra,

215 3292 300 3356 sicut
318 3302 424 3369 erant,
443 3292 517 3357 viso
535 3292 646 3356 nudae
663 3312 724 3356 sua
742 3299 879 3374 pectora
896 3291 1065 3375 nymphae

214 3422 411 3484 percussere
432 3401 518 3473 viro,
542 3399 728 3482 subitisque
750 3399 934 3465 ululatibus
955 3421 1056 3465 omne

216 3510 396 3594 implevere
419 3531 548 3580 nemus.
573 3508 865 3591 circumfusaeque
890 3507 1036 3574 Dianam

214 3618 410 3702 corporibus
430 3630 547 3684 texere
565 3617 653 3694 suis余
673 3629 789 3683 tamen
809 3617 911 3683 altior
931 3617 997 3683 illis

215 3725 288 3809 ipsa
309 3727 370 3791 dea
393 3739 454 3798 est.
477 3729 630 3809 colloque
652 3736 759 3800 tenus,
772 3725 996 3809 supereminet
1019 3746 1146 3792 omnes

212 3832 283 3920 Qui
298 3834 391 3901 color
406 3834 544 3900 iniectis
558 3834 691 3899 adversi
706 3833 788 3899 solis
802 3834 845 3899 ab
860 3833 928 3899 ictu
