3042 4475
505 261 748 316 SELECTIONS
779 263 888 317 FROM
916 263 1015 318 OVID

597 585 926 653 HYACINTHUS

264 768 337 835 ‘Te
354 790 497 853 quoque,
518 770 704 854 Amyclide,
724 770 891 855 posuisset
904 771 944 835 'in
963 773 1096 838 aethere
1117 774 1282 851 Phoebus,

217 877 327 943 tristia
350 878 377 943 si
400 878 546 963 spatium
568 879 713 963 ponendi
738 878 809 945 fata
832 880 1012 946 dedissent.

217 986 295 1071 Qua
316 986 401 1066 licet,
421 998 578 1053 aeternus
598 997 710 1053 tamen
730 1009 784 1054 es:
805 988 1025 1073 quotiensque
1045 990 1173 1074 repellit

218 1116 276 1160 ver
301 1095 455 1173 hiemem,
481 1096 634 1181 Piscique
657 1096 758 1162 Aries
783 1097 928 1163 succedit
951 1118 1088 1182 aqu0s0,
1270 1115 1308 1157 ru

217 1214 254 1269 tu
275 1204 398 1269 totiens
416 1205 532 1282 oreris,
554 1204 719 1289 viridique
738 1206 773 1271 in
792 1205 937 1291 caespite
956 1205 1064 1272 flores.

218 1311 269 1377 Te
287 1333 381 1378 meus
401 1321 478 1378 ante
496 1333 612 1392 omnes
630 1312 765 1399 genitor
784 1313 913 1393 dilexit,
933 1324 965 1381 et
984 1316 1065 1380 orbe

146 1412 150 1419 ’
218 1420 253 1486 in
273 1422 386 1488 medio
407 1422 508 1508 positi
530 1434 710 1489 caruerunt
730 1422 884 1509 praeside
905 1424 1038 1508 Delphi,

218 1531 299 1596 dum
321 1531 403 1597 deus
425 1532 578 1597 Eurotan
600 1531 871 1616 inmunitamque
892 1531 1082 1617 frequentat

218 1621 372 1724 Sparten
423 1638 495 1705 Nec
510 1639 658 1705 citharae
673 1661 733 1705 nec
749 1650 827 1706 sunt
843 1639 879 1705 in
894 1641 1023 1707 honore
1039 1643 1200 1727 sagittae:

218 1745 384 1814 inmemor
405 1748 475 1833 ipse
496 1748 546 1815 sui
568 1770 636 1814 non
658 1746 742 1814 retia
764 1747 854 1815 ferre
874 1760 1015 1827 recusat,

218 1879 286 1923 non
306 1857 454 1924 tenuisse
474 1878 585 1935 canes,
607 1879 675 1923 non
695 1856 857 1943 per·iuga
877 1859 1002 1924 montis
1024 1858 1128 1943 iniqui

218 1965 268 2032 ire
289 1988 411 2045 comes
437 1967 606 2052 longaque
628 1966 690 2034 alit
711 1965 934 2032 adsuetudine
958 1966 1121 2032 flammas.

264 2074 428 2159 ‘Iamque
448 2075 519 2141 fere
539 2074 671 2140 medius
691 2074 796 2139 Titan
818 2074 982 2140 venientis
1003 2085 1036 2140 et
1057 2085 1151 2141 actae

217 2183 325 2250 noctis
345 2193 426 2263 erat,
449 2183 623 2269 spatioque
643 2182 715 2269 pari
735 2180 883 2252 distabat
903 2182 1090 2268 utrimque:

217 2314 358 2378 corpora
377 2303 470 2359 veste
487 2293 608 2371 levant,
628 2301 661 2359 et
682 2313 762 2359 suco
781 2291 918 2378 pinguis
937 2292 1017 2358 olivi

217 2400 461 2485 splendescunt,
483 2401 607 2485 latique
627 2399 743 2467 ineunt
764 2399 947 2466 certamina
967 2400 1059 2466 disci.

216 2508 328 2594 Quem
348 2508 442 2594 prius
462 2508 572 2574 aerias
593 2509 753 2574 libratum
774 2508 931 2574 Phoebus
952 2507 986 2573 in
1007 2530 1108 2576 auras

218 2618 319 2695 misit,
342 2629 375 2684 et
396 2617 567 2702 oppositas
588 2616 718 2683 disiecit
738 2617 887 2702 pondere
906 2617 1018 2684 nubes

218 2724 367 2791 Reccidit
385 2725 419 2790 in
436 2725 577 2791 solidam
594 2725 698 2810 longo
714 2734 792 2810 post
808 2735 958 2809 tempore
975 2736 1099 2792 terram

216 2835 358 2919 pondus,
378 2844 412 2901 et
432 2834 585 2903 exhibuit
604 2835 752 2900 iunctam
771 2854 848 2900 cum
869 2833 996 2900 viribus
1015 2846 1130 2900 artem.

217 2942 379 3009 Protinus
400 2942 594 3028 imprudens
614 2952 776 3028 actusque
796 2941 953 3029 cupidine
973 2943 1065 3008 lusus

215 3052 333 3119 tollere
356 3051 562 3118 Taenarides
584 3053 699 3118 orbem
721 3051 932 3137 properabat.
981 3052 1028 3117 At
1051 3052 1161 3118 illum

216 3161 302 3228 dura
322 3183 518 3246 repercusso
538 3161 678 3227 subiecit
696 3161 835 3228 verbere
853 3160 951 3227 tellus

215 3267 252 3338 in
268 3271 390 3350 vultus,
411 3270 614 3356 Hyacinthe,
632 3279 719 3335 tuos.
763 3268 938 3354 Expalluit
954 3259 1060 3354 aeque

216 3401 317 3466 quam
337 3402 419 3465 puer
439 3380 509 3464 ipse
529 3381 621 3457 deus,
642 3379 884 3463 conlapsosque
903 3379 1027 3462 excipit
1047 3390 1151 3458 artuS,

217 3501 249 3556 et
269 3491 370 3556 modo
389 3500 424 3556 te
442 3488 583 3567 refovet,
604 3488 706 3554 modo
725 3487 836 3554 tristia
856 3487 995 3555 vulnera
1017 3487 1129 3566 siccat,

217 3620 306 3664 nunc
323 3598 472 3664 animam
492 3596 639 3664 admotis
660 3596 848 3682 fugientem
868 3595 1009 3662 sustinet
1027 3597 1148 3662 herbis.

218 3707 276 3771 Nil
299 3718 440 3791 prosunt
463 3718 573 3773 artes:
596 3715 668 3773 erat
691 3705 924 3771 inmedicabile
945 3705 1077 3771 vulnus.

221 3815 270 3882 Ut
291 3817 318 3882 si
339 3816 414 3900 quis
433 3817 539 3882 violas
560 3816 702 3901 riguove
720 3835 867 3900 papaver
889 3814 923 3878 in
944 3814 1043 3879 horto
