3042 4475
513 290 597 345 THE
624 286 985 344 METAMORPHOSES

204 471 275 537 Cur
294 494 363 539 non
383 482 417 538 et
437 481 551 556 specto
570 480 775 556 pereuntem,
796 470 977 553 oculosque
997 466 1142 533 videndo
1226 539 1230 549 q

202 579 419 665 conscelero?
460 579 532 647 Cur
552 600 621 646 uon
641 590 759 646 tauros
779 578 941 645 exhortor
963 577 996 642 in
1019 576 1113 642 illum

203 689 457 775 terrigenasque
476 688 568 756 feros
586 688 836 774 insopitumque
853 684 1057 753 draconem?

204 798 250 863 Di
273 798 414 865 meliora
438 798 552 864 velint.
600 797 820 883 Quamquam
845 818 913 863 non
939 796 1003 862 ista
1026 793 1205 881 precanda,

204 909 263 974 sed
285 907 440 975 facienda
460 907 797 974 mihi-Prodamne
817 928 882 993 ego
902 926 1006 991 regna
1025 902 1187 990 potentie,

205 1027 306 1102 atque
324 1039 389 1102 ope
407 1017 520 1084 nescio
540 1017 616 1102 quis
635 1015 825 1083 servabitur
845 1016 975 1082 advena
995 1024 1122 1093 nostra,

132 1159 134 1163 v
206 1137 244 1192 ut
264 1147 323 1211 per
343 1146 399 1192 me
419 1148 534 1212 sospes
556 1126 627 1192 sine
649 1147 703 1192 me
723 1126 781 1192 det
803 1125 904 1191 lintea
927 1123 1046 1202 ventis,
1276 1136 1302 1179 ⁴0

205 1233 324 1318 virque
345 1234 389 1300 sit
410 1235 562 1314 alterius,
584 1257 713 1321 poenae
734 1236 858 1302 Medea
880 1233 1073 1319 relinquar?

179 1334 184 1339 ’
207 1342 244 1409 Si
269 1342 381 1410 iacere
401 1344 465 1411 hoc
486 1344 630 1412 aliamve
651 1355 761 1431 potest
782 1366 987 1431 praeponere
1009 1344 1117 1422 nobis,

205 1453 338 1520 occidat
361 1453 525 1539 ingratus.
575 1454 643 1521 Sed
665 1476 734 1522 non
758 1455 787 1521 is
810 1455 923 1521 vultus
946 1454 981 1519 in
1004 1453 1072 1532 illo,

206 1584 276 1629 non
296 1585 336 1629 ea
358 1563 517 1631 nobilitas
538 1564 654 1631 animo
675 1573 736 1644 est,
759 1586 798 1631 ea
820 1564 932 1651 gratia
955 1563 1096 1643 formae,

205 1682 243 1739 ut
262 1672 401 1740 timeam
421 1672 578 1739 fraudem
597 1673 775 1759 meritique
793 1673 918 1739 oblivia
936 1672 1052 1740 nostri.
1275 1686 1301 1731 ⁴⁵

207 1781 252 1847 Et
276 1781 370 1848 dabit
393 1792 472 1848 ante
493 1781 604 1861 fidem,
628 1804 818 1869 cogamque
843 1782 876 1847 in
902 1782 1039 1849 foedera
1062 1792 1164 1849 testes

206 1910 280 1956 esse
298 1890 389 1956 deos.
434 1889 527 1977 Quid
546 1900 621 1956 tuta
640 1890 763 1957 times?
806 1889 1003 1975 Accingere,
1026 1900 1058 1957 et
1078 1910 1213 1956 omnem

205 1997 290 2082 pelle
309 2019 461 2065 moram:
480 1998 541 2065 tibi
562 2020 599 2066 se
618 2021 749 2086 semper
770 1999 901 2067 debebit
923 1999 1035 2078 Iason,

204 2118 239 2174 te
261 2107 334 2174 face
355 2108 511 2174 sollemni
534 2108 652 2196 iunget
672 2108 746 2188 sibi,
767 2130 892 2195 perque
914 2109 1076 2195 Pelasgas

206 2217 375 2285 servatrix
396 2218 495 2286 urbes
516 2229 665 2287 matrum
685 2219 895 2287 celebrabere
914 2219 1072 2286 turba-
1276 2233 1302 2278 ⁵0

206 2329 301 2414 Ergo
318 2349 384 2415 ego
401 2349 604 2415 germanam
624 2328 833 2414 fratremque
851 2340 1050 2414 patremque
1068 2315 1217 2413 deosque

205 2447 238 2503 et
259 2437 373 2504 natale
394 2437 515 2517 solum,
537 2437 647 2504 ventis
667 2438 791 2517 ablata,
814 2438 1027 2523 relinquam?

206 2546 338 2631 Nempe
359 2557 455 2632 pater
477 2567 608 2626 saevus,
630 2568 749 2632 nempe
770 2557 820 2613 est
841 2569 916 2614 mea
936 2547 1081 2613 barbara
1101 2546 1211 2625 tellus,

207 2654 312 2721 frater
334 2655 444 2722 adbuc
465 2655 599 2724 inians:
620 2666 711 2722 stant
732 2677 864 2723 mecum
885 2666 965 2723 vota
987 2655 1123 2734 sororis,

205 2765 378 2831 maximus
398 2764 488 2832 intra
507 2787 562 2832 me
580 2766 663 2832 deus
681 2774 741 2832 est.
788 2765 867 2832 Non
888 2786 1014 2851 magna
1035 2765 1233 2850 relinquam,
1276 2779 1302 2824 ω

206 2896 331 2960 magna
355 2895 495 2959 sequar:
520 2874 656 2941 titulum
680 2885 833 2941 servatae
856 2874 954 2959 pubis
979 2874 1139 2952 Achivae,

207 2983 430 3067 notitiamque
455 2982 518 3049 loci
544 2983 704 3062 melioris,
729 2993 763 3049 et
788 2983 922 3069 oppida,
948 3005 1093 3068 quorum

206 3089 260 3157 hic
278 3111 414 3176 quoque
435 3090 529 3157 fama
549 3091 653 3178 viget,
674 3093 851 3178 cultusque
871 3103 1026 3178 artesque
1046 3095 1214 3171 locorum;

206 3220 373 3284 quemque
394 3221 460 3285 ego
482 3203 559 3267 cum
582 3202 692 3280 rebuS,
715 3223 800 3287 quas
822 3212 914 3269 totus
936 3203 1085 3287 possidet
1107 3202 1209 3282 orbiS,

206 3308 402 3375 Aesoniden
422 3320 573 3378 mutasse
593 3311 712 3390 velim;
732 3334 801 3397 quo
821 3312 965 3398 coniuge
987 3311 1074 3378 felix
1278 3326 1304 3370 ω

208 3428 240 3484 et
259 3416 313 3485 dis
332 3439 411 3484 cara
432 3418 533 3499 ferar,
554 3430 588 3486 et
607 3420 732 3486 vertice
751 3419 863 3487 sidera
883 3432 1032 3506 tangam.

206 3525 311 3611 Quid,
332 3527 424 3612 quod
444 3528 634 3614 nescioqui
654 3529 775 3597 mediis
795 3551 993 3597 concurrere
1013 3529 1049 3596 in
1068 3531 1168 3597 undis

208 3634 366 3702 dicuntur
387 3646 531 3715 montes,
555 3638 749 3723 ratibusque
772 3638 907 3706 inimica
931 3638 1121 3725 Charybdis

208 3766 296 3811 nune
312 3745 449 3812 sorbere
467 3744 605 3825 fretum,
623 3768 713 3813 nunc
729 3748 878 3826 reddere,
896 3747 1072 3832 cinctaque
1087 3746 1196 3814 saevis

139 3939 141 3943 Ι
210 3851 321 3941 Scylla
342 3875 451 3942 rapax
469 3854 609 3923 canibus
629 3855 744 3925 Siculo
765 3857 889 3923 latrare
907 3855 1103 3944 profundo?
1278 3869 1305 3918 u
