3042 4475
487 286 570 339 THE
597 286 956 342 METAMORPHOSES

179 464 352 549 sideraque
373 465 530 549 ventique
551 477 683 543 nocent,
703 466 892 549 avidaeque
913 468 1064 532 volucres

178 574 303 639 semina
324 574 409 639 iacta
432 574 565 658 legunt;
586 575 702 639 lolium
722 574 903 659 tribulique
925 575 1071 659 fatigant
1229 589 1267 633 444

177 684 324 749 triticeas
347 705 476 749 messes
498 694 531 749 et
555 684 819 769 inexpugnabile
840 704 992 770 gramen.

221 794 313 859 Tum
335 803 434 877 caput
460 792 551 858 Eleis
574 792 737 876 Alpheias
759 793 881 859 extulit
904 792 1014 871 undis,

176 913 393 987 rorantesque
414 923 528 968 comas
549 924 568 967 a
592 902 705 967 fronte
726 902 870 968 removit
892 902 934 968 ad
956 922 1064 980 aures,

177 1027 277 1099 atque
297 1016 363 1081 ait:
386 1016 442 1083 ‘O
463 1027 536 1082 toto
558 1018 729 1101 quaesitae
751 1017 895 1102 virginis
916 1017 996 1083 orbe

174 1135 205 1190 et
226 1125 367 1209 frugum
386 1126 552 1210 genetrix,
573 1127 744 1193 inmensos
763 1127 842 1194 siste
862 1127 1002 1203 labores,
1229 1138 1268 1183 444

175 1258 261 1301 neve
282 1236 342 1301 tibi
364 1234 451 1302 fidae
472 1237 621 1303 violenta
643 1238 786 1304 irascere
807 1248 928 1303 terrae.
1064 1322 1069 1329 1

175 1346 282 1410 Terra
307 1345 391 1410 nihil
417 1347 549 1424 meruit,
577 1347 751 1431 patuitque
778 1346 883 1413 invita
911 1346 1055 1430 rapinae.

175 1454 247 1520 Nec
267 1476 343 1520 sum
363 1477 425 1540 pro
444 1455 555 1540 patria
575 1457 737 1541 supplex:
756 1456 822 1522 huc
842 1456 975 1539 hospita
995 1454 1090 1533 veni;

175 1564 254 1629 Pisa
277 1564 359 1629 mihi
384 1565 493 1649 patria
515 1576 575 1642 est,
599 1576 632 1633 et
654 1565 697 1631 ab
719 1566 818 1631 Elide
840 1566 994 1631 ducimus
1016 1575 1129 1641 ortus;

174 1671 345 1738 Sicaniam
363 1674 542 1758 peregrina
560 1675 646 1753 colo
665 1675 723 1741 sed
742 1674 873 1759 gratior
892 1674 984 1741 omni
1228 1687 1266 1730 ⁴⁹⁵

172 1782 253 1848 haec
272 1782 355 1846 mihi
376 1792 466 1848 terra
486 1784 558 1848 solo
578 1774 648 1849 est}
667 1784 730 1849 hos
749 1805 839 1850 nunc
859 1783 1030 1849 Arethusa
1050 1792 1199 1868 penates,

172 1892 261 1957 hanc
282 1891 390 1958 habeo
413 1893 546 1959 sedem:
569 1914 670 1979 quam
692 1905 740 1972 tu,
764 1893 954 1971 mitissima,
978 1913 1083 1958 serva.

173 2002 272 2066 Mota
294 2001 368 2066 loco
389 2022 449 2066 cur
471 2001 545 2079 sim,
568 2002 719 2085 tantique
740 2023 799 2087 per
821 2001 977 2085 aequoris
997 2001 1106 2065 undas

171 2110 321 2175 advehar
343 2110 538 2196 Ortygiam,
562 2112 673 2177 veniet
695 2110 887 2177 narratibus
908 2111 993 2176 hora

170 2220 370 2305 tempestiva
387 2220 482 2297 meis
499 2242 576 2287 cum
592 2231 630 2287 tu
647 2242 793 2306 curaque
810 2222 919 2287 levata

171 2341 203 2395 et
226 2331 341 2396 vultus
364 2331 514 2396 melioris
538 2331 615 2396 eris.
664 2331 751 2397 Mihi
777 2331 892 2416 pervia
915 2331 1013 2396 tellus

171 2441 308 2524 praebet
328 2439 404 2518 iter,
425 2441 604 2526 subterque
623 2440 708 2506 imas
727 2441 840 2506 ablata
860 2461 1020 2507 cavernas

171 2550 224 2614 hic
247 2559 346 2634 caput
368 2550 498 2627 attollo
521 2550 724 2632 desuetaque
747 2549 857 2615 sidera
879 2570 988 2615 cerno

172 2658 267 2743 Ergo
288 2658 370 2723 dum
392 2657 515 2743 Stygio
536 2659 597 2724 sub
615 2658 715 2724 terris
735 2658 872 2744 gurgite
893 2658 997 2736 labor,

170 2765 242 2832 visa
258 2777 317 2833 tua
333 2779 383 2834 est
399 2767 504 2832 oculis
522 2768 588 2833 illic
606 2768 808 2852 Proserpina
823 2767 966 2834 nostris:

171 2876 227 2941 illa
250 2877 387 2960 quidem
410 2876 516 2942 tristis
538 2898 647 2961 neque
667 2877 778 2942 adhuc
801 2877 953 2943 interrita
976 2877 1082 2955 vultu,

170 2988 231 3052 sed
256 2987 375 3072 regina
399 2996 524 3065 tamen,
549 2986 608 3053 sed
632 2985 728 3072 opaci
751 2986 902 3052 maxima
927 2985 1055 3063 mundi,

171 3097 230 3161 sed
254 3107 368 3162 tamen
393 3095 516 3161 inferni
541 3096 670 3180 pollens
693 3106 849 3161 matrona
874 3094 1031 3180 tyranni’

217 3206 332 3270 Mater
355 3204 398 3269 ad
423 3204 557 3269 auditas
581 3204 709 3289 stupuit
733 3226 793 3270 ceu
819 3226 920 3270 saxea
946 3225 1054 3282 voces

167 3313 399 3396 attonitaeque
421 3312 479 3377 diu
502 3312 621 3378 similis
644 3313 718 3378 fuit.
767 3313 882 3396 thue
904 3313 1021 3377 dolore
1225 3327 1264 3370 ⁵10

168 3424 265 3506 pulsa
285 3422 386 3508 gravi
407 3421 522 3506 gravis
542 3432 593 3488 est
611 3421 770 3500 amentia,
791 3422 943 3488 curribus
963 3443 1042 3487 oras

167 3533 240 3598 exit
260 3533 294 3597 in
315 3531 494 3598 aetherias.
540 3531 589 3598 Ibi
609 3541 681 3597 toto
701 3532 816 3597 nubila
836 3531 931 3597 vultu

168 3653 248 3708 ante
275 3642 395 3709 Iovem
418 3639 526 3725 passis
550 3641 641 3707 stetit
666 3641 833 3706 invidiosa
857 3640 986 3724 capillis

169 3751 284 3816 ‘Pro'
304 3771 370 3836 que
391 3749 489 3815 ‘meo
509 3749 583 3814 veni
605 3750 746 3833 supplex
765 3749 836 3827 tibi,
860 3749 1030 3834 Iuppiter'
1052 3749 1170 3833 inquit,

170 3859 359 3945 ‘sanguine
381 3879 509 3943 proque
531 3868 599 3924 tuo.
649 3858 685 3923 Si
709 3860 800 3922 nulla
822 3869 872 3923 est
895 3858 1006 3941 gratia
1028 3858 1157 3936 matris,
1226 3874 1264 3916 ur
