3042 4475
519 264 603 317 THE
631 262 991 319 METAMORPHOSES

207 444 369 529 prospicit
389 465 538 523 occasus,
561 445 732 511 interdum
753 443 888 529 respicit
908 454 1021 511 ortus:

209 554 357 637 quidque
380 564 460 639 agat
485 554 624 639 ignarus
648 564 770 639 stupet,
795 564 827 621 et
851 575 912 619 nec
937 554 1033 620 frena
1058 553 1209 631 remittit,

208 683 270 728 nec
293 661 439 729 retinere
461 664 564 742 valet,
578 660 648 729 ‘nec
670 662 810 729 nomina
830 663 926 729 novit
947 683 1121 748 equorum.

257 771 382 855 Sparsa
402 793 534 857 quoque
553 772 588 838 in
608 772 704 839 vario
723 771 851 857 passim
870 772 1034 839 miracula
1052 772 1145 838 caelo

209 891 450 965 vastarumque
469 882 561 949 videt
582 882 733 967 trepidus
755 881 936 948 simulacra
957 880 1118 948 ferarum.

210 993 273 1057 Est
292 991 395 1070 locuS,
415 990 450 1055 in
468 991 623 1077 geminos
641 991 697 1057 ubi
717 990 874 1058 bracchia
890 1000 1055 1058 concavat
1073 1010 1172 1057 arcus

211 1100 382 1185 Scorpius,
406 1109 439 1167 et
460 1101 568 1167 cauda
590 1100 753 1185 flexisque
776 1098 945 1185 utrimque
967 1099 1099 1167 lacertis

207 1208 354 1295 porrigit
375 1209 410 1274 in
431 1210 578 1296 spatium
599 1208 777 1297 signorum
797 1210 948 1277 membra
969 1210 1124 1275 duorum.

210 1318 314 1384 Hunc
333 1340 417 1403 puer
435 1329 473 1386 ut
492 1318 582 1406 nigri
600 1319 776 1386 madidum
795 1320 918 1386 sudore
937 1318 1059 1386 veneni

209 1428 350 1494 vulnera
374 1438 513 1495 curvata
537 1428 751 1496 minitantem
774 1427 913 1513 cuspide
933 1427 1030 1507 vidit,

208 1538 332 1605 mentis
352 1538 450 1623 inops
469 1538 583 1624 gelida
604 1538 786 1605 formidine
806 1538 878 1604 lora
897 1537 1038 1604 remisit.

208 1648 306 1733 Quae
325 1658 505 1733 postquam
525 1668 695 1715 summum
714 1647 860 1733 tetigere
881 1647 1024 1715 iacentia
1044 1659 1190 1733 tergum,

208 1758 446 1841 exspatiantur
470 1758 559 1842 equi,
584 1757 743 1842 nulloque
767 1756 939 1824 inhibente
960 1755 1020 1841 per
1041 1777 1142 1824 auras

209 1869 349 1953 ignotae
370 1866 522 1953 regionis
542 1877 634 1947 eunt,
655 1887 789 1952 quaque
809 1866 954 1953 impetus
974 1866 1055 1953 egit,

209 1978 272 2043 hac
296 1976 368 2043 sine
393 1976 466 2061 lege
490 1986 610 2053 ruunt;
635 1977 770 2061 altoque
794 1975 857 2041 sub
880 1976 1014 2043 aethere
1038 1976 1116 2041 fixis

210 2086 383 2151 incursant
408 2084 522 2163 stellis,
549 2084 749 2169 rapiuntque
774 2106 832 2170 per
856 2085 932 2151 avia
956 2106 1101 2152 currum.

209 2194 254 2260 Et
272 2193 375 2260 modo
393 2215 525 2262 summa
541 2216 583 2280 pe
584 2204 671 2274 t,unt
689 2195 793 2262 modo
810 2215 870 2281 per
887 2195 1014 2262 declive
1032 2195 1170 2281 viasque

207 2303 411 2388 praecipites
431 2314 506 2388 spat
508 2303 541 2369 io
560 2315 669 2370 terrae
687 2304 845 2390 propiore
866 2304 1032 2372 feruntur.
1054 2307 1146 2414 s

209 2413 426 2498 Inferiusque
449 2413 518 2479 suis
541 2413 710 2480 fraternos
730 2435 867 2480 currere
887 2414 986 2480 Luna

207 2522 398 2589 admiratur
421 2544 534 2606 equos,
559 2523 780 2608 ambustaque
802 2523 917 2591 nubila
943 2524 1095 2603 fumant;

208 2632 390 2716 corripitur
409 2631 565 2710 flammis
584 2642 622 2699 ut
641 2653 792 2717 quaeque
810 2633 984 2711 altissima,
1004 2635 1113 2713 tellus,

207 2740 353 2824 fissaque
375 2740 448 2825 agit
472 2740 584 2818 rimas
609 2751 642 2808 et
666 2742 754 2808 sucis
778 2752 850 2808 aret
873 2743 1048 2828 ademptis.

209 2846 338 2913 Pabula
360 2857 557 2927 canescunt;
579 2871 656 2916 curn
680 2850 858 2916 frondibus
879 2851 989 2917 uritur
1011 2852 1120 2931 arbor,

206 2956 454 3041 materiamque
473 2979 534 3025 suo
552 2959 690 3043 praebet
709 2981 807 3046 seges
825 2960 921 3026 arida
939 2962 1075 3027 damno.

255 3066 368 3132 Parva
386 3088 526 3150 queror:
544 3089 691 3154 magnae
709 3081 850 3154 pereunt
867 3093 944 3137 cum
962 3072 1137 3138 moenibus
1155 3073 1265 3150 urbes,

206 3197 351 3260 cumque
371 3176 458 3241 suis
455 3187 511 3244 tot
498 3187 550 3244 ats
570 3178 703 3263 populis
723 3179 879 3245 incendia
898 3190 1019 3265 gentes
1263 3197 1302 3239 21⁵

206 3285 242 3350 in
260 3285 408 3383 cinerem
427 3296 499 3353 vert
501 3297 572 3352 unt
549 3287 731 3355 tSilvae
748 3311 825 3355 cum
842 3288 1013 3392 mpntibus
1030 3290 1173 3377 ardent,

204 3395 305 3461 ardet
325 3365 438 3460 Athos
458 3395 659 3481 Taurusque
679 3375 771 3463 Cilix
790 3408 823 3464 et
842 3365 1037 3465 Tniolust
1005 3408 1037 3465 et
1055 3386 1203 3469 Oete

204 3515 238 3570 et
261 3514 337 3569 turn
358 3503 456 3582 sicca,
480 3503 573 3588 prius
594 3505 796 3573 creberrima
819 3506 894 3573 font
895 3506 980 3586 ibus,
1003 3477 1076 3586 Ide,

203 3613 449 3700 virgineusque
471 3613 616 3680 Helicon
638 3627 672 3684 et
692 3616 845 3683 nondum
865 3616 1037 3702 Oeagrius
1057 3617 1231 3697 Haemus;

105 3783 110 3792 .
201 3724 302 3790 ardet
325 3722 361 3786 in
385 3722 574 3788 inmensum
597 3725 778 3809 geminatis
801 3725 936 3811 ignibus
960 3727 1081 3805 Aetna,
1136 3724 1140 3733 “
1264 3744 1303 3787 no

202 3832 448 3914 Parnasusque
469 3831 581 3917 biceps
604 3841 638 3898 et
660 3834 757 3919 Eryx
779 3846 814 3903 et
836 3835 991 3933 Cynthus
1013 3846 1045 3902 et
1067 3837 1207 3922 Othrys,
