3042 4475
228 277 289 339 144
517 262 761 317 suescimus
790 262 900 316 raon
928 262 1029 317 ovio

226 443 350 527 myself
368 444 403 508 in
422 444 490 510 this
509 444 658 510 desolate
677 453 763 527 spot,
784 442 812 521 I,
830 422 914 508 who¹
926 463 996 509 was
1014 434 1099 509 bom
1120 442 1175 508 for
1195 443 1316 508 leisure

225 553 294 618 and
314 554 447 637 luxury.
491 552 583 638 Only
602 574 659 637 my
678 550 832 636 strength
851 551 890 616 of
908 551 1002 616 mind
1022 552 1082 615 has
1102 551 1244 617 enabled
1263 574 1318 617 me

226 673 262 728 to
282 662 466 729 withstand
486 661 532 727 all
553 662 626 727 that
646 659 661 725 I
682 662 769 726 have
790 661 871 726 been
894 658 1069 743 subjected
1088 670 1133 726 to.
1178 660 1318 745 During

225 793 284 857 my
303 792 437 856 voyage
457 771 524 836 and
547 770 639 836 since
662 769 677 833 I
701 768 842 834 reached
864 790 920 852 my
942 768 1160 847 destination,
1183 790 1240 853 my
1262 769 1316 833 lit-

226 902 323 966 erary
348 880 443 948 work
467 879 529 945 has
553 881 638 945 been
664 901 721 962 my
744 879 825 962 only
850 876 1006 942 comfort.
1056 877 1124 942 Yet
1147 898 1205 962 my
1229 898 1320 962 song

225 991 254 1055 is
273 1012 352 1056 ever
370 1011 391 1055 a
409 989 527 1073 plaint.
572 988 753 1073 Thoughts
773 987 811 1054 of
832 988 953 1065 Rome,
973 988 1012 1053 of
1031 1010 1088 1073 my
1109 988 1229 1075 family
1248 990 1316 1055 and

228 1100 367 1177 friends,
385 1120 480 1165 come
495 1108 531 1163 to
548 1119 611 1176 me,
629 1099 697 1162 and
714 1097 729 1160 I
746 1118 830 1182 pray
848 1098 921 1163 that
937 1097 1038 1163 death
1053 1119 1131 1184 may
1149 1120 1233 1163 soon
1252 1099 1317 1164 end

226 1229 284 1291 my
302 1206 514 1292 sufferings.]

226 1425 321 1510 Ergo
338 1436 411 1491 erat
430 1425 466 1490 in
488 1425 568 1491 fatis
590 1424 765 1509 Scythiam
785 1447 918 1509 quoque
938 1425 1048 1491 visere
1067 1425 1203 1507 nostris

269 1555 420 1620 quaeque
440 1535 611 1620 Lycaonio
634 1545 723 1621 terra
745 1537 808 1601 sub
828 1558 893 1601 axe
913 1538 1013 1613 iacet;

224 1661 288 1705 nec
310 1662 382 1718 vos
405 1640 567 1719 Pierides,
590 1663 653 1707 nec
675 1642 777 1725 stirps
799 1642 929 1721 Letoia,
952 1654 1064 1709 vestro

269 1749 369 1815 docta
391 1751 555 1816 sacerdoti
578 1752 677 1816 turba
698 1751 823 1816 tulistis
844 1774 952 1836 opem.

225 1858 259 1922 N
261 1880 297 1924 ec
316 1859 410 1937 mihi,
428 1860 518 1942 quod
535 1860 598 1924 lusi
616 1881 696 1925 vero
715 1860 787 1925 sine
804 1860 952 1938 crimine,
969 1862 1115 1945 prodest,

269 1968 426 2052 quodque
446 1969 558 2053 magis
579 1969 648 2034 vita
671 1969 773 2034 Musa
795 1969 904 2034 iocata
924 1991 999 2034 mea
1020 1981 1088 2036 est:

222 2076 367 2159 plurima
385 2078 443 2143 sed
459 2079 584 2163 pelago
600 2088 755 2162 terraque
772 2081 921 2165 pericula
937 2103 1074 2166 passum

268 2196 364 2252 ustus
388 2186 430 2252 ab
452 2187 595 2253 adsiduo
620 2187 751 2272 frigore
776 2189 906 2255 Pontus
930 2190 1037 2256 habet.

223 2295 358 2379 Quique
378 2295 487 2380 fugax
504 2317 616 2361 rerum
634 2318 816 2381 securaque
834 2299 868 2363 in
884 2300 953 2364 otia
971 2311 1080 2379 natus,

268 2403 380 2469 mollis
399 2415 432 2469 et
451 2404 633 2489 impatiens
652 2417 730 2472 ante
750 2407 875 2472 laboris
894 2429 997 2487 eram,

222 2512 341 2578 ultima
358 2535 448 2579 nunc
464 2514 575 2598 patior
584 2537 593 2592 ;
610 2537 671 2580 nec
687 2537 742 2580 me
758 2538 852 2582 mare
868 2518 1021 2601 portibus
1037 2519 1158 2585 orbum

267 2623 417 2706 perdere,
438 2623 595 2689 diversae
613 2646 674 2689 nec
693 2634 832 2709 potuere
851 2625 935 2690 viae.

223 2730 432 2815 Suffecitque
447 2732 545 2797 malis
561 2733 713 2797 animus:
732 2754 811 2798 nam
828 2756 949 2818 corpus
966 2735 1083 2801 abillo

267 2840 394 2923 accepit
416 2841 504 2907 vires
526 2841 653 2926 vixque
677 2841 818 2908 ferenda
840 2843 926 2908 tulit.

223 2948 314 3014 Dum
329 2959 441 3014 tamen
455 2960 488 3014 et
503 2951 613 3015 ventis
630 2951 752 3015 dubius
767 2951 914 3017 iactabar
929 2961 961 3017 et
976 2953 1087 3032 undis,

269 3056 406 3123 fallebat
428 3080 525 3123 curas
546 3080 717 3145 aegraque
738 3060 840 3125 corda
863 3061 975 3128 labor:

221 3164 330 3231 ut'via
344 3165 439 3232 linita
455 3178 507 3232 est
522 3179 554 3234 et
570 3186 655 3252 opus
671 3168 837 3252 requievit
854 3169 968 3248 eundi,

268 3286 301 3340 et
321 3297 448 3360 poenae
467 3277 568 3342 tellus
588 3288 638 3342 est
657 3277 739 3342 mihi
761 3287 851 3344 tacta
872 3299 976 3356 meae,

221 3383 269 3449 nil
290 3385 355 3450 nisi
376 3386 456 3452 flere
476 3387 565 3470 libet,
587 3409 648 3452 nec
668 3396 786 3452 nostro
806 3386 939 3470 parcior
960 3387 1065 3453 imber

268 3493 404 3573 lumine,
424 3496 468 3560 de
488 3517 593 3562 vema
611 3518 714 3580 quam
734 3495 812 3561 nive
832 3506 947 3562 manat
966 3517 1064 3580 aqua.

223 3603 332 3668 Roma
354 3604 541 3688 domusque
564 3606 652 3671 subit
675 3604 948 3688 desideriumque
970 3606 1131 3686 locorum,

267 3713 425 3796 quicquid
445 3723 477 3780 et
497 3714 621 3779 amissa
641 3725 746 3779 restat
767 3713 801 3778 in
820 3714 902 3778 urbe
921 3714 996 3780 mei.

222 3822 265 3888 Ei
280 3821 373 3901 mihi,
389 3823 479 3910 quod
496 3823 619 3892 totiens
635 3822 741 3888 nostri
758 3823 890 3910 pulsata
905 3822 1046 3910 sepulcri
