3042 4475
480 262 565 321 rus
591 264 951 323 METAMORPHOSES
1222 262 1264 345 67

168 444 294 531 vixque
313 455 428 513 movet
447 455 547 513 natas
564 467 624 533 per
644 446 763 515 inertia
782 448 937 515 bracchia
957 468 1106 533 pennas:

169 556 338 642 foedaque
355 555 393 624 fit
411 558 569 637 volucris,
588 558 722 625 venturi
742 558 862 625 nuntia
882 559 1001 637 luctus,

170 666 316 751 ignavus
341 666 441 745 bub0‚
467 667 580 734 dirum
605 667 806 734 mortalibus
832 688 940 734 omen.
1225 680 1264 725 ⁵5⁰

215 775 285 842 Hic
308 786 423 844 tamen
448 776 573 844 indicio
594 798 739 863 poenam
762 776 947 863 linguaque
971 775 1078 843 videri

167 886 409 953 commeruisse
431 897 560 971 potest:
581 886 688 965 vobis,
710 886 925 965 Acheloides,
947 886 1038 952 unde

167 996 283 1079 pluma
306 996 474 1081 pedesque
497 996 624 1075 avium,
646 1017 724 1063 cum
747 993 892 1081 virginis
914 1016 974 1061 ora
998 993 1147 1081 geratis?
1271 1056 1273 1061 .

169 1105 225 1170 An
253 1104 342 1188 quia,
370 1126 448 1171 cum
474 1105 600 1190 legeret
627 1126 750 1171 vernos
779 1104 982 1189 Proserpina
1010 1102 1119 1181 floreS,

169 1213 202 1279 in
228 1214 392 1280 comitum
416 1235 568 1293 numero,
595 1215 714 1281 doctae
739 1213 886 1291 Sirenes,
913 1212 1038 1279 eratis?
1225 1227 1263 1271 ⁵⁵⁵

166 1324 282 1409 Quam
302 1334 482 1409 postquam
502 1333 575 1391 toto
596 1324 723 1390 frustra
742 1322 921 1409 quaesistis
941 1322 974 1387 in
994 1322 1085 1399 orbe,

165 1433 334 1518 protinus,
362 1444 400 1500 ut
426 1444 574 1500 vestram
601 1433 764 1500 sentirent
790 1454 940 1518 aequora
968 1452 1095 1509 curam,

165 1564 265 1628 posse
288 1564 391 1629 super
412 1543 535 1610 fluctus
556 1544 689 1610 alarum
711 1542 866 1609 insistere
888 1541 990 1608 remis

166 1652 320 1738 optastis,
344 1652 526 1737 facilesque
546 1652 627 1718 deos
647 1650 822 1729 habuistis,
845 1660 878 1717 et
898 1660 992 1717 artus

168 1759 302 1826 vidistis
328 1771 460 1826 vestros
486 1759 606 1827 subitis
632 1759 811 1827 flavescere
837 1759 964 1845 pennis.

167 1868 222 1935 Ne
238 1879 353 1935 tamen
373 1869 428 1935 ille
445 1891 549 1936 canor
567 1870 765 1936 mulcendas
782 1880 883 1937 natus
902 1870 946 1935 ad
965 1890 1064 1935 aures

165 1989 329 2063 tantaque
348 1978 499 2045 dosoris
517 1978 654 2066 linguae
672 1979 872 2064 deperderet
891 2000 1000 2057 usum,

166 2088 312 2175 virginei
335 2090 450 2155 vultus
471 2099 505 2155 et
527 2111 597 2156 vox
618 2089 768 2155 humana
791 2088 961 2156 remansit.

210 2200 260 2267 At
282 2199 417 2267 medius
440 2198 623 2286 fratrisque
644 2199 695 2266 sui
717 2210 930 2284 maestaeque
952 2198 1078 2266 sororis

169 2308 320 2395 Iuppiter
343 2331 387 2376 ex
410 2331 518 2395 aequo
542 2310 733 2376 volventem
756 2308 878 2376 dividit
902 2329 1038 2374 annum.
1224 2323 1262 2368 su

167 2419 268 2486 Nunc
288 2421 361 2499 dea,
381 2441 568 2505 regnorum
587 2441 712 2506 numen
732 2439 910 2486 commune
929 2420 1084 2497 duorum,

165 2551 242 2596 cum
261 2540 372 2596 matre
391 2539 442 2596 est
459 2530 615 2608 totidem,
633 2530 775 2596 totidem
794 2551 871 2596 cum
890 2529 1035 2614 coniuge
1052 2548 1194 2594 menses.

165 2638 323 2708 Vertitur
341 2641 512 2724 extemplo
533 2639 640 2707 iacies
659 2650 692 2708 et
710 2639 833 2707 mentis
853 2650 887 2706 et
906 2638 993 2703 oris:

163 2773 244 2818 nam
264 2749 370 2816 modo
391 2771 477 2834 quae
497 2759 630 2834 poterat
650 2749 723 2815 Diti
745 2771 879 2835 quoque
899 2759 1027 2815 maesta
1049 2747 1169 2825 videri,

165 2862 253 2928 laeta
274 2860 359 2925 deae
381 2858 478 2923 frons
498 2868 559 2935 est,
580 2870 618 2925 ut
640 2860 700 2937 sol,
722 2859 779 2943 qui
802 2868 909 2924 tectus
931 2857 1067 2942 aquosis
1223 2873 1262 2916 su

163 2971 310 3038 nubibus
330 2978 413 3034 ante
437 2966 513 3045 fuit,
534 2967 633 3034 victis
654 2990 673 3034 e
692 2967 837 3035 nubibus
859 2966 941 3034 exit.

636 3280 789 3348 NIOBE

571 3455 652 3522 (Met.
665 3453 700 3516 vi,
717 3453 850 3522 146-312)

235 3614 384 3700 [Seeing
411 3614 469 3682 the
494 3635 626 3682 women
652 3615 692 3681 of
718 3613 852 3680 Thebes
880 3614 1021 3699 making
1048 3614 1196 3681 sacrifice
1223 3625 1258 3681 to

163 3725 295 3794 Latona
316 3725 387 3791 and
406 3724 467 3789 her
486 3734 556 3791 two
575 3725 737 3804 children,
756 3725 882 3810 Apollo
902 3725 969 3790 and
992 3725 1115 3802 Diana,
1138 3723 1258 3800 Niobe,

162 3837 330 3923 daughter
349 3835 390 3902 ol
409 3835 577 3902 Tantalus
595 3836 662 3902 and
681 3836 763 3903 wile
781 3836 821 3904 of
840 3836 1022 3921 Amphion,
1043 3837 1101 3903 the
1118 3837 1258 3902 Theban
