3042 4475
648 266 810 323 TRISTIA

230 455 335 530 utque
359 456 456 530 pater
478 456 579 513 natae
599 448 737 532 duxque
758 469 936 535 comesque
962 448 1022 517 fui.

184 554 280 639 Ergo
300 556 327 620 si
349 565 522 621 remanent
544 556 640 641 ignes
661 556 721 621 tibi
741 558 887 642 pectoris
909 559 1007 638 idem,

229 664 300 730 sola
320 672 417 728 tuum
437 673 531 729 vates
550 663 673 730 Lesbia
692 664 804 731 vincet
823 687 917 751 opus.

185 770 254 837 Sed
271 793 401 850 vereor,
419 783 511 840 nete
529 794 603 839 mea
620 794 710 839 nunc
728 773 865 840 fortuna
884 776 1043 853 retardet,

226 892 369 965 postque
389 903 483 947 meos
503 903 601 948 casus
623 882 665 948 sit
686 882 748 950 tibi
768 892 886 968 pectus
907 882 1006 949 iners.

182 990 276 1055 Dum
293 991 396 1068 licuit,
414 1000 472 1057 tua
490 1012 588 1077 saepe
606 992 701 1070 mihi,
719 991 780 1058 tibi
797 1004 913 1059 nostra
931 994 1101 1079 legebam:

227 1120 327 1183 saepe
348 1099 397 1165 tui
421 1099 535 1178 iudex,
558 1119 660 1184 saepe
682 1101 846 1186 magister
867 1123 978 1168 eram:

179 1219 239 1274 aut
259 1230 324 1293 ego
344 1209 545 1293 praebebam
567 1208 666 1276 lactis
686 1210 789 1276 modo
810 1210 962 1277 versibus
982 1232 1094 1289 aures,

226 1329 297 1396 aut,
321 1318 378 1383 ubi
402 1339 563 1397 cessaras,
587 1339 690 1384 causa
713 1318 846 1385 ruboris
870 1340 971 1385 eram.

181 1425 339 1491 Forsitan
360 1428 528 1512 exemplo,
547 1427 626 1512 quia
644 1450 697 1494 me
715 1429 840 1494 laesere
860 1428 970 1507 libelli,

225 1544 263 1600 tu
284 1556 417 1619 quoque
434 1536 483 1601 sis
503 1556 630 1620 poenae
651 1536 742 1603 lacta
762 1537 902 1603 remissa
922 1557 1025 1603 meae.

182 1643 289 1720 Pone,
310 1644 443 1722 Perilla‚
461 1656 607 1711 metum:
627 1646 866 1712 tantummodo
887 1645 1013 1711 femina
1030 1644 1123 1711 nulla

225 1774 287 1817 nec
308 1752 595 1846 iuvenislscriptis
616 1754 722 1821 discat
743 1776 858 1822 amare
878 1754 954 1821 tuis.

181 1861 277 1945 Ergo
301 1861 449 1928 desidiae
472 1883 617 1940 remove,
642 1863 848 1941 doctissima,
871 1883 1000 1941 causaS,

226 1970 328 2055 inque
350 1971 458 2037 bonas
479 1981 572 2037 artes
594 1981 627 2037 et
649 1980 708 2037 tua
730 1992 826 2036 sacra
848 1970 929 2037 redi.

181 2078 251 2145 Ista
269 2080 388 2146 decens
407 2079 510 2145 facies
524 2079 636 2165 longis
652 2079 828 2145 vitiabitur
846 2080 953 2158 annis,

225 2210 378 2275 rugaque
396 2188 431 2254 in
450 2188 587 2274 antiqua
608 2187 721 2257 fronte
738 2189 854 2255 senilis
871 2189 945 2268 erit,

179 2300 362 2384 inicietque
381 2320 520 2365 manum
542 2298 674 2366 formae
694 2301 859 2367 damnosa
880 2309 1042 2378 senectus,

224 2432 313 2495 quae
334 2409 510 2494 strepitum
532 2430 634 2494 passu
656 2430 724 2474 non
749 2408 893 2475 faciente
916 2409 1019 2474 venit.

176 2520 332 2604 Cumque
351 2519 473 2602 aliquis
494 2518 582 2585 dicet
602 2518 691 2585 ‘luit
712 2518 794 2584 haec
818 2517 989 2596 formosa,'
1012 2517 1149 2596 dolebis,

224 2640 256 2694 et
278 2628 451 2711 speculum
472 2627 621 2693 mendax
642 2648 714 2693 esse
734 2646 874 2710 querere
891 2638 998 2693 tuum.

180 2738 267 2804 Sunt
287 2736 347 2803 tibi
367 2757 448 2821 opes
466 2736 629 2814 modicae,
650 2757 727 2802 cum
746 2736 793 2801 sis
813 2735 1014 2821 dignissima
1032 2734 1184 2820 magnis:

222 2845 313 2930 finge
335 2845 393 2910 sed
415 2845 577 2910 inmensis
597 2844 751 2910 censibus
773 2866 846 2911 esse
867 2865 972 2929 pares.

177 2954 310 3038 Nempe
330 2954 389 3019 dat
410 2963 443 3019 et
465 2953 664 3036 cuicumque
685 2953 764 3019 libet
788 2953 926 3020 fortuna
948 2952 1110 3038 rapitque,

222 3063 298 3129 Irus
317 3074 350 3131 et
369 3073 420 3129 est
438 3062 560 3140 subito,
578 3063 635 3147 qui
654 3063 757 3128 modo
776 3062 922 3130 Croesus
942 3072 1023 3128 erat.

179 3172 322 3257 Singula
339 3172 420 3256 quid
439 3172 610 3239 referam?
652 3171 709 3237 Nil
727 3195 795 3238 non
812 3173 954 3238 mortale
968 3181 1122 3237 tenemus

218 3280 365 3365 'pectoris
388 3281 539 3365 exceptis
561 3280 757 3366 ingeniique
778 3281 884 3347 bonis.

178 3390 230 3455 En
249 3412 325 3475 ego,
343 3411 420 3456 cum
439 3390 548 3475 patria
565 3411 698 3456 caream
716 3389 878 3474 vobisque
895 3390 1073 3474 domoque,

221 3509 385 3583 raptaque
407 3498 485 3577 sint,
509 3497 613 3564 adimi
636 3519 722 3582 quae
745 3509 884 3583 potuere
904 3498 998 3577 mihi,

176 3607 313 3693 ingenio
332 3618 448 3674 tamen
469 3607 540 3692 ipse
558 3629 636 3673 meo
655 3607 865 3692 comitorque
885 3607 1065 3692 fruorque:

221 3717 348 3785 Caesar
372 3717 406 3781 in
429 3717 493 3783 hoc
515 3716 625 3801 potuit
649 3715 732 3781 iuris
753 3716 877 3782 habere
898 3716 991 3782 nihil.

177 3827 326 3913 Quilibet
351 3827 439 3892 hanc
461 3847 562 3892 saevo
587 3825 693 3891 vitam
716 3825 799 3890 mihi
823 3825 918 3891 finiat
940 3847 1037 3891 ense:

360 3924 391 3975 13
