3042 4475
231 292 273 359 24
522 275 775 334 SELECTIONS'
797 278 908 335 FROM
936 278 1035 335 OVID

234 458 388 536 inserere,
413 468 446 523 et
462 450 595 543 'patrias
620 458 709 523 intus
724 459 937 544 deprendere
960 461 1074 526 curas!

233 566 388 650 Denique
409 566 573 651 quidquid
595 568 696 635 habet
718 568 826 646 dives,
849 569 1075 653 circumspice,
1098 572 1255 648 muudus,
1301 587 1326 628 9⁵

232 696 316 759 eque
335 684 386 742 tot
405 696 444 741 ac
462 676 569 742 tantis
588 677 670 742 caeli
690 686 865 761 terraeque
883 678 1054 763 marisque

232 806 332 869 posce
353 785 451 851 bonis
473 785 620 870 aliquid:
642 787 770 852 nullam
792 788 921 871 patiere
944 789 1120 872 repulsam.

232 894 406 978 Deprecor
425 894 489 959 hoc
507 915 623 973 unum,
643 896 733 979 quod
753 916 834 961 vero
854 897 990 962 nomine
1010 917 1128 980 poena,

232 1025 301 1069 non
320 1003 430 1069 honor
448 1014 516 1071 est:
534 1025 692 1089 poenam,
712 1005 902 1083 Phaethon,
921 1027 983 1090 pro
1001 1012 1139 1071 munere
1157 1007 1277 1091 poscis.

232 1113 325 1197 Quid
345 1134 420 1179 mea
441 1113 526 1179 colla
546 1124 643 1181 tenes
662 1113 804 1191 blandis,
826 1114 953 1200 ignare,
974 1115 1130 1181 lacertis?
1288 1131 1326 1173 1⁰0

236 1222 288 1287 Ne
313 1222 440 1300 dubita,
466 1221 602 1287 dabitur
633 1221 793 1306 (Stygias
819 1222 1004 1288 iuravimus
1030 1224 1157 1307 undas)

232 1332 467 1415 quodcumque
488 1331 635 1416 optaris:
658 1332 715 1397 sed
735 1341 773 1396 tu
794 1332 978 1415 sapientius
998 1332 1100 1416 opta'

279 1440 428 1506 Finierat
454 1440 621 1505 monitus:
647 1440 746 1505 dictis
771 1451 882 1506 tamen
909 1441 963 1506 ille
988 1453 1163 1525 repugnat,

231 1548 509 1633 propositumque
532 1549 664 1632 premit,
690 1548 878 1633 flagratque
902 1549 1057 1633 cupidine
1081 1571 1208 1616 currus,

233 1656 328 1742 Ergo
350 1659 417 1740 qu'a
439 1656 532 1724 licuit
555 1658 688 1743 genitor
710 1667 887 1724 cunctatus
909 1658 953 1724 ad
976 1658 1071 1723 altos·
1288 1675 1326 1716 1⁰5

232 1765 367 1833 deducit
390 1765 559 1845 iuvenem,
582 1766 750 1833 Vulcania
772 1788 924 1845 munera,
946 1788 1074 1832 currus.

232 1876 370 1942 Aureus
390 1876 466 1941 axis
486 1887 568 1955 erat,
588 1887 680 1943 temo
698 1898 831 1954 aureus,
850 1898 953 1943 aurea
974 1898 1126 1943 summae

231 1996 413 2051 curvatura
434 1996 540 2065 rotae,
561 1986 735 2065 radiorum
755 1997 936 2070 argenteus
955 1986 1057 2064 ordo;

231 2116 292 2180 per
311 2094 392 2181 iuga
410 2095 607 2181 chrysolithi
626 2094 821 2180 positaeque
839 2117 882 2161 ex
899 2095 1019 2161 ordine
1036 2115 1191 2181 gemmae

231 2207 322 2272 clara
342 2227 539 2291 repercusso
559 2206 744 2272 reddebant
765 2204 893 2271 lumina
915 2205 1062 2271 Phoebo.
1288 2220 1327 2262 11⁰

278 2317 436 2401 Dumque
454 2337 492 2382 ea
511 2315 750 2400 magnanimus
771 2315 948 2379 Phaethon
968 2314 1120 2392 miratur,
1140 2335 1293 2399 opusque

231 2425 399 2510 perspicit,
420 2446 494 2490 ecce
514 2424 597 2510 vigil
616 2423 725 2490 nitido
744 2423 906 2508 patefecit
924 2425 967 2489 ab
985 2433 1061 2489 ortu

230 2556 418 2620 purpureas
438 2535 574 2600 Aurora
597 2534 688 2600 iores
707 2544 740 2599 et
759 2533 857 2618 plena
878 2553 1032 2598 rosarum

231 2645 328 2710 atria.
375 2643 574 2729 Diffugiunt
596 2629 725 2720 stellae,
747 2663 891 2725 quarum
912 2641 1051 2727 agmina
1073 2641 1165 2726 cogit

231 2753 379 2829 Lucifer,
402 2764 435 2818 et
457 2754 538 2820 caeli
562 2753 706 2818 statione
727 2750 933 2816 novissimus
954 2750 1034 2816 exit.
1288 2766 1328 2808 115

230 2863 344 2947 Quem
363 2873 477 2947 petere
497 2873 534 2928 ut
554 2872 661 2928 terras
681 2861 914 2944 mundumque
934 2860 1107 2925 rubescere
1127 2859 1212 2924 vidit

230 2995 423 3058 cornuaque
447 2971 626 3039 extremae
644 2972 736 3037 velut
759 2990 958 3036 evanescere
981 2969 1092 3045 lunae,

232 3082 372 3167 iungere
394 3105 497 3167 equos
518 3083 622 3148 Titan
644 3081 815 3146 velocibus
836 3080 981 3163 imperat
1004 3078 1120 3143 Horis

232 3192 327 3258 Iussa
348 3193 431 3259 deae
449 3193 574 3258 celeres
592 3199 771 3276 peragunt,
792 3189 972 3274 ignemque
988 3196 1172 3263 vomentes

230 3302 422 3368 ambrosiae
446 3323 526 3367 suco
550 3311 694 3378 saturos
718 3297 935 3383 praesepibus
958 3296 1035 3361 altis
1286 3310 1329 3354 120

230 3411 463 3495 quadrupedes
488 3411 625 3487 ducunt,
652 3398 847 3491 adduntque
872 3406 1027 3471 sonantia
1054 3403 1159 3470 frena.
1249 3398 1252 3403 ’

230 3519 321 3586 Tum
339 3530 435 3604 pater
453 3541 513 3586 ora
533 3519 584 3585 sui
605 3539 702 3583 sacro
720 3515 945 3582 medicamine
963 3515 1032 3580 nati

230 3629 383 3714 contigit,
403 3640 435 3695 et
456 3629 594 3713 rapidae
613 3627 692 3692 fecit
712 3624 873 3710 patientia
894 3623 1059 3697 flammae,

230 3737 457 3823 imposuitque
477 3759 594 3803 comae
613 3735 737 3809 radios,
757 3754 991 3819 praesagaque
1011 3733 1120 3798 luctus

230 3859 365 3931 pectore
385 3847 529 3914 sollicito
549 3854 703 3929 repetens
724 3842 868 3926 suspiria
888 3842 994 3907 dixit:
1287 3858 1331 3902 12⁵
