3042 4475
503 272 586 327 THE
614 271 974 328 METAMORPHOSES

191 474 259 519 non
281 453 444 540 agathos
465 475 601 520 currus:
622 464 654 521 et
675 452 755 539 quid
777 454 858 519 love
878 453 987 519 maius
1006 451 1195 519 babemus?

192 560 312 626 Ardua
332 561 441 645 prima
462 560 516 627 via
537 572 598 637 est,
620 571 652 627 et
673 582 739 645 qua
762 560 821 626 vix
842 582 940 627 ntane
962 571 1109 625 recentes

191 669 364 736 enitantur
388 669 484 755 equi:
507 670 620 737 medio
642 681 692 737 est
716 670 881 737 altissima
905 670 1010 746 caelo,

192 778 282 844 unde
300 800 396 845 mare
415 790 448 846 et
467 790 576 846 terras
596 780 658 865 ipsi
679 780 762 845 mihi
782 800 881 865 saepe
901 779 1017 845 videre

191 887 229 955 fit
246 888 359 967 timor,
380 900 412 955 et
430 889 553 976 pavida
571 889 717 974 trepidat
737 888 921 955 formidine
940 899 1064 974 pectus.

194 998 324 1064 Ultima
346 1019 453 1082 prona
476 998 530 1064 via
543 982 612 1075 ¹est,
636 1009 669 1065 et
691 1009 768 1082 eget
790 998 1019 1064 moderamine
1041 1007 1151 1062 certo:

192 1117 275 1171 tunc
295 1105 398 1173 etiam
419 1128 505 1192 quae
525 1129 580 1174 me
602 1108 760 1175 subiectis
782 1107 1040 1191 excipitundis,

193 1238 236 1282 ne
256 1215 348 1281 ferar
366 1216 401 1281 in
420 1237 588 1302 praeceps,
608 1216 736 1302 Tethys
756 1218 842 1283 solet
863 1218 934 1301 ipsa
955 1217 1070 1283 vereri.

192 1326 293 1391 Adde
313 1327 404 1411 quod
424 1326 565 1393 adsidua
586 1326 716 1410 rapitur
736 1326 902 1410 vertigine
922 1327 1061 1400 caelum,

192 1434 372 1519 sideraque
391 1435 460 1501 alta
480 1435 584 1502 trahit
604 1435 771 1521 celerique
791 1435 964 1501 volumine
984 1444 1126 1518 torquet.

194 1544 297 1609 Nitor
317 1544 351 1608 in
371 1546 564 1623 adversum,
585 1566 645 1612 nec
663 1566 727 1623 me,
745 1544 803 1630 qui
822 1556 944 1623 cetera,
963 1544 1067 1610 vincit

193 1654 349 1738 impetus,
371 1666 404 1721 et
424 1655 542 1740 rapido
561 1655 751 1721 contrarius
770 1655 895 1722 evehor
912 1654 996 1720 orbi.

195 1763 304 1847 Finge
328 1764 426 1828 datos
451 1783 587 1829 currus:
613 1764 695 1847 quid
720 1763 825 1848 ages?
876 1763 1050 1828 Poterisne
1077 1762 1196 1827 rotatis

192 1872 314 1938 obvius
335 1872 382 1938 ire
402 1872 499 1957 polis,
519 1894 562 1939 ne
581 1884 616 1940 te
633 1873 719 1939 citus
739 1872 873 1940 auferat
894 1872 993 1938 axis?

194 1981 353 2047 Forsitan
374 1992 408 2047 et
428 1983 521 2047 lucos
542 1982 609 2048 illic
628 1982 793 2067 urbesque
812 1982 955 2048 deorum

190 2084 364 2175 concipias
385 2091 502 2157 animo
522 2091 726 2176 delubraque
747 2091 831 2157 ditia
853 2090 952 2158 donis

194 2200 291 2266 esse?
337 2202 402 2267 Per
426 2200 565 2267 insidias
589 2200 651 2267 iter
674 2211 724 2268 est
748 2201 944 2287 formasque
968 2201 1127 2267 ferarum.

193 2310 310 2395 thue
328 2310 420 2376 viam
440 2321 555 2377 teneas
574 2311 733 2396 nulloque
752 2332 869 2378 errore
885 2311 1042 2389 traharis,

134 2489 136 2493 ,
193 2440 252 2504 per
277 2429 389 2485 tamen
413 2420 546 2486 adversi
572 2420 738 2504 gradieris
763 2441 889 2486 cornua
914 2421 1030 2498 Tauri,

195 2528 472 2612 Haemoniosque
492 2550 600 2605 arcus,
622 2529 829 2613 violentique
848 2551 907 2595 ora
928 2530 1062 2607 Leonis,

193 2657 359 2722 saevaque
380 2637 522 2703 circuitu
543 2649 740 2704 curvantem
760 2639 917 2706 bracchia
939 2639 1042 2724 longo

195 2745 371 2830 Scorpion,
396 2731 496 2831 atque
519 2747 616 2812 aliter
639 2759 836 2814 curvantem
861 2749 1014 2814 bracchia
1039 2749 1217 2814 Cancrum.

195 2854 266 2920 Nec
289 2839 348 2920 tibi
372 2855 606 2939 quadrupedes
629 2856 803 2922 animosos
825 2858 961 2943 ignibus
984 2859 1059 2936 illis,

193 2985 278 3047 quos
297 2964 331 3027 in
350 2974 486 3049 pectore
505 2964 638 3045 habent,
658 2987 743 3050 quos
762 2988 822 3033 ore
840 2977 874 3033 et
893 2968 1030 3033 naribus
1049 2967 1174 3041 efflant,

194 3072 227 3137 in
247 3084 406 3157 promptu
426 3094 544 3160 regere
562 3086 630 3141 est:
651 3076 710 3141 vix
729 3098 785 3142 me
802 3077 987 3162 patiuntur,
1008 3076 1063 3142 ubi
1084 3098 1177 3142 acres

193 3182 363 3248 incaluere
384 3183 501 3261 animi,
523 3185 705 3269 cervixque
725 3197 893 3270 repugnat
913 3185 1061 3251 habenis.

193 3292 240 3357 At
259 3302 308 3369 tu,
331 3291 457 3358 funesti
477 3315 520 3359 ne
540 3294 604 3359 sim
623 3294 682 3360 tibi
704 3295 854 3360 muneris
873 3305 1001 3373 auctor,

192 3412 284 3480 nate,
306 3423 400 3479 cave,
423 3402 505 3467 dum
527 3423 646 3487 resque
667 3403 758 3481 sinit,
780 3407 842 3469 tua'
860 3404 993 3489 corrige
1014 3415 1103 3470 vota.

192 3511 328 3578 Scilicet
352 3522 388 3577 ut
412 3522 531 3577 nostro
554 3512 707 3596 genitum
729 3523 762 3579 te
786 3513 952 3598 sanguine
974 3514 1101 3591 credas,

190 3621 333 3706 pignera
356 3630 448 3686 certa
473 3621 581 3704 petis?
629 3621 685 3686 Do
709 3621 850 3705 pignera
874 3632 963 3687 certa
989 3623 1147 3698 timendo

190 3741 223 3796 et
245 3729 357 3814 patrio
377 3739 473 3814 pater
492 3751 564 3794 esse
584 3740 675 3795 metu
695 3731 829 3814 probor.
875 3731 1023 3814 Adspice
1045 3733 1157 3796 vultus

189 3863 265 3909 ecce
287 3840 625 3936 meosqutinamque
640 3841 755 3905 oculos
776 3840 812 3904 in
832 3851 967 3925 pectora
989 3862 1106 3925 posses
