3042 4475
405 362 408 369 Ι
511 284 595 339 THE
623 286 983 341 METAMORPHOSES
1277 304 1300 367 9

199 467 283 532 hind
301 467 405 545 them,
426 466 493 531 and
513 467 610 532 those
629 468 765 533 thrown
784 466 828 552 by
849 467 1034 533 Deucalion
1053 468 1188 535 became
1205 489 1293 541 men.

198 576 267 640 and
286 575 384 640 those
402 574 445 659 by
466 573 598 660 Pyrrha
617 574 779 659 women]

245 784 387 867 Iamque
409 794 480 850 erat
501 784 535 849 in
555 795 644 850 totas
666 806 845 868 sparsurus
867 785 1011 852 fulmina
1031 796 1157 853 terras:

74 966 76 971 ,
198 895 258 960 sed
279 894 405 970 timuit,
426 915 469 959 ne
492 893 581 960 forte
601 914 694 959 sacer
712 905 763 961 tot
782 895 827 960 ab
846 894 982 980 ignibus
1001 896 1116 964 aether

196 1004 387 1087 conciperet
408 1002 571 1081 flammas,
593 1004 782 1087 longusque
801 1004 989 1069 ardesceret
1008 1005 1101 1078 axis;

197 1135 270 1179 esse
289 1135 424 1197 quoque
442 1113 476 1177 in
497 1112 579 1178 fatis
598 1112 834 1193 reminiscitur,
855 1112 975 1180 adfore
996 1125 1139 1198 tempus,

197 1246 264 1307 quo
285 1246 388 1303 mare,
411 1245 478 1308 quo
499 1225 607 1303 telluS,
630 1234 849 1309 correptaque
871 1225 965 1310 regia
986 1224 1066 1291 caeli

197 1333 323 1410 ardeat,
348 1343 380 1398 et
404 1333 521 1398 mundi
544 1333 651 1398 moles
673 1353 814 1417 operosa
838 1333 975 1399 laboret.

199 1442 282 1508 Tela
302 1452 511 1527 reponuntur
529 1442 686 1509 manibus
706 1442 871 1509 fabricata
890 1442 1095 1528 Cyclopum:

199 1574 306 1636 poena
324 1554 431 1636 placet
449 1552 601 1618 diversa:
619 1574 726 1638 genus
744 1552 887 1637 mortale
905 1552 967 1617 sub
984 1552 1084 1618 undis

198 1663 346 1746 perdere,
367 1672 400 1727 et
420 1684 463 1727 ex
483 1662 575 1727 omni
596 1662 729 1727 nimbos
749 1662 925 1728 demittere
944 1662 1045 1727 caelo

244 1759 407 1836 Protinus
426 1770 556 1835 Aeoliis
576 1771 782 1855 Aquilonem
800 1771 927 1837 claudit
946 1771 981 1836 in
999 1771 1117 1848 antris,

198 1892 231 1947 et
250 1902 481 1966 quaecumque
502 1881 625 1967 fugant
644 1882 799 1947 inductas
818 1882 957 1947 flamina
976 1881 1093 1958 nubeS,

199 1991 388 2075 emittitque
408 1991 548 2056 Notum.
594 1991 746 2057 Madidis
766 1991 879 2056 Notus
897 1991 1008 2057 evolat
1026 1990 1099 2069 alis,
1164 1993 1166 1998 '

199 2099 381 2166 terribilem
398 2100 491 2184 picea
507 2110 614 2165 tectus
629 2100 774 2183 caligine
790 2101 939 2166 vultum:

198 2209 300 2276 barba
317 2209 435 2296 gravis
454 2208 588 2288 nimbis
606 2208 699 2275 canis
717 2208 791 2276 fluit
808 2209 899 2275 unda
917 2208 1057 2293 capillis,

200 2319 313 2386 fronte
335 2320 452 2385 sedent
474 2320 625 2398 nebulae,
648 2329 766 2384 rorant
787 2340 982 2403 pennaeque
1004 2318 1174 2401 sinusque.

199 2428 315 2513 thue
329 2450 433 2494 manu
450 2429 516 2495 late
531 2429 712 2513 pendentia
727 2427 842 2494 nubila
858 2427 993 2511 pressit,

102 2520 106 2528 ¹
200 2537 236 2602 fit
257 2537 393 2624 fragon
414 2538 493 2604 hinc
512 2537 605 2603 densi
630 2538 821 2603 funduntur
840 2537 883 2603 ab
903 2537 1041 2603 aethere
1063 2536 1178 2601 nimbi.
1254 2595 1259 2604 .

203 2647 330 2712 Nuntia
349 2647 489 2712 Iunonis
510 2647 623 2712 varios
642 2647 760 2712 induta
779 2647 908 2712 colores

201 2756 342 2841 concipit
363 2756 428 2821 Iris
448 2777 562 2839 aquaS,
584 2755 809 2838 alimentaque
829 2754 972 2819 nubibus
992 2754 1114 2819 adfert.

203 2864 407 2931 Sternuntur
423 2875 557 2951 segetes
575 2875 608 2931 et
626 2865 804 2948 deplorata
820 2861 948 2947 colonis

203 2986 278 3040 vota
295 2975 415 3052 iacent,
434 2974 594 3060 longique
608 2974 697 3058 perit
714 2973 810 3039 labor
824 2972 947 3038 inritus
962 2972 1053 3038 anni.

248 3083 318 3149 Nec
337 3083 429 3149 caelo
447 3093 605 3148 contenta
624 3104 686 3148 suo
704 3093 755 3148 est
774 3081 867 3147 Iovis
886 3081 947 3159 ira,
968 3081 1028 3146 sed
1048 3080 1142 3146 illum

204 3193 370 3257 caeruleus
391 3192 497 3257 frater
517 3193 610 3258 iuvat
631 3190 855 3256 auxiliaribus
874 3190 983 3255 undis.

203 3299 372 3366 Convocat
389 3301 445 3366 hic
463 3322 589 3366 amnes
631 3300 700 3385 Qui
719 3309 898 3386 postquam
915 3308 1006 3364 tecta
1023 3297 1159 3384 tyranni

204 3409 369 3477 intravere
387 3410 449 3488 sui,
471 3409 561 3476 ‘non
579 3419 629 3477 est
648 3409 840 3475 hortamine
858 3409 961 3494 longo

203 3519 308 3584 nunc'
331 3520 379 3586 ait
401 3519 596 3586 ‘utendum
642 3519 743 3585 Vires
765 3517 932 3585 effundite
950 3528 1082 3583 vestras

210 3627 274 3710 (sic
291 3651 374 3713 opus
392 3629 461 3714 est)
477 3651 484 3708 ;
502 3629 630 3713 aperite
647 3630 766 3695 domos
783 3649 823 3693 ac
841 3627 931 3692 mole
950 3636 1080 3692 remota

204 3735 394 3806 fluminibus
417 3739 537 3804 vestris
561 3748 650 3802 totas
674 3737 835 3804 inmittite
857 3734 1025 3801 habenas’

203 3825 365 3913 Iusserat:
387 3847 421 3914 hi
445 3848 594 3927 redeunt,
617 3869 656 3912 ac
679 3847 830 3914 lontibus
852 3866 912 3910 ora
934 3846 1088 3910 relaxant
