3042 4475
492 292 576 345 THE
604 292 964 348 METAMORPHOSES

181 468 321 536 obstitit.
369 471 474 536 Haud
494 472 582 536 ultra
604 472 712 538 tenuit
733 472 914 539 Saturnius
936 474 1031 551 iram,

182 580 412 664 terribilesque
432 580 587 646 hortatus
608 602 712 665 equos
734 582 769 645 in
790 582 938 668 gurgitis
960 583 1027 647 ima

181 698 375 755 contortum
396 689 509 755 valido
530 699 702 775 sceptrum
722 692 836 777 regale
857 692 984 757 lacerto

179 798 340 863 condidit.
387 798 458 864 Icta
480 799 571 865 viam
592 800 690 866 tellus
711 800 746 865 in
769 800 914 866 Tartara
939 800 1027 878 lecit,

180 918 214 974 et
232 928 358 992 pronos
379 930 498 975 currus
518 909 631 975 medio
651 920 784 977 cratere
804 910 936 995 recepit.

194 1106 197 1113 Ι
225 1016 274 1083 At
291 1016 417 1102 Cyane,
434 1028 632 1103 raptamque
647 1020 745 1085 deam
763 1029 1020 1103 contemptaque
1039 1019 1144 1085 fontis

180 1127 254 1192 iura
278 1127 330 1192 sui
353 1148 518 1206 maerens,
543 1128 786 1195 inconsolabile
810 1129 932 1195 vulnus

180 1246 291 1301 mente
314 1236 403 1321 gerit
427 1237 539 1315 tacita,
564 1237 778 1321 lacrimisque
801 1236 989 1303 absumitur
1013 1239 1135 1315 omnis,

178 1353 211 1409 et
232 1365 377 1428 quarum
400 1344 516 1410 iuerat
537 1366 702 1431 magnum
723 1346 826 1411 modo
848 1367 984 1424 numen,
1007 1346 1041 1409 in
1065 1345 1138 1411 illas

177 1463 383 1520 extenuatur
401 1475 516 1537 aquas.
561 1454 690 1520 Molliri
710 1455 863 1520 membra
885 1454 1026 1532 videres,

176 1584 255 1627 ossa
275 1563 344 1646 pati
363 1562 482 1641 flexus,
502 1584 634 1648 ungues
653 1563 806 1648 posuisse
825 1564 991 1648 rigorem;

177 1672 353 1756 primaque
372 1673 414 1739 de
433 1682 506 1738 tota
525 1672 725 1740 tenuissima
746 1694 899 1757 quaeque
918 1672 1118 1757 liquescunt,
1163 1742 1167 1751 ,

176 1782 320 1847 caerulei
342 1782 452 1847 crines
473 1782 641 1867 digitique
663 1792 696 1848 et
716 1803 816 1849 crura
837 1783 1024 1867 pedesque:

176 1913 258 1957 nam
281 1891 393 1957 brevis
416 1891 451 1955 in
474 1891 604 1977 gelidas
627 1891 790 1958 membris
813 1891 957 1958 exilibus
980 1892 1090 1957 undas

176 2001 341 2067 transitus
365 2010 435 2066 est:
458 2000 642 2085 posthaec
665 2000 771 2067 umeri
795 2010 979 2085 tergusque
1004 2000 1157 2085 latusque

175 2120 377 2194 pectoraque
395 2109 430 2173 in
448 2120 565 2175 tenues
583 2109 707 2175 abeunt
725 2108 869 2175 evanida
889 2109 988 2174 rivos

175 2219 333 2304 Denique
356 2241 419 2305 pro
441 2218 521 2286 vivo
543 2218 681 2286 vitiatas
704 2218 871 2306 sanguine
894 2241 997 2286 venas

174 2330 312 2415 lympha
333 2329 434 2409 subit,
456 2340 628 2414 restatque
649 2329 744 2408 nihil,
766 2329 857 2413 quod
877 2330 1039 2414 prendere
1061 2329 1179 2414 possis.

220 2439 355 2505 Interea
374 2439 519 2524 pavidae
540 2439 745 2524 nequiquam
765 2437 834 2504 filia
854 2438 954 2504 matri

173 2548 333 2614 omnibus
354 2558 406 2614 est
425 2548 535 2627 terris,
555 2548 648 2614 omni
668 2547 820 2633 quaesita
840 2547 1022 2633 profundo.

173 2658 271 2723 Illam
291 2679 360 2722 non
379 2657 456 2723 udis
475 2656 613 2723 veniens
632 2658 770 2723 Aurora
789 2656 918 2741 capillis

172 2778 364 2834 cessantem
389 2767 486 2847 vidit,
511 2789 580 2834 non
606 2767 792 2852 Hesperus.
842 2766 905 2832 Illa
930 2766 1060 2832 duabus

172 2877 395 2944 flammiferas
418 2877 518 2962 pinus
542 2876 698 2943 manibus
723 2875 893 2942 succendit
918 2874 960 2940 ab
983 2875 1105 2953 Aetna,

171 3009 295 3072 perque
321 2986 501 3071 pruinosas
527 2986 605 3053 tulit
631 2985 818 3069 inrequieta
844 2985 1008 3050 tenebras.

173 3098 306 3163 Rursus
325 3095 382 3162 ubi
403 3095 493 3161 alma
515 3095 589 3162 dies
609 3094 782 3161 hebetarat
804 3093 924 3171 sidera,
946 3103 1062 3159 natam

171 3206 250 3271 solis
267 3204 311 3271 ab
327 3225 448 3271 occasu
466 3203 546 3270 solis
563 3204 744 3288 quaerebat
760 3204 804 3270 ad
821 3213 924 3269 ortus.

216 3315 325 3381 Fessa
345 3313 460 3381 labore
482 3314 574 3380 sitim
594 3314 802 3400 conlegerat,
822 3335 948 3397 oraque
970 3312 1053 3377 nulli

170 3427 357 3492 colluerant
380 3423 505 3504 fontes,
527 3447 604 3490 cum
624 3435 748 3491 tectam
770 3424 932 3489 stramine
953 3422 1038 3488 vidit

172 3535 259 3602 forte
279 3556 405 3612 casam,
427 3554 614 3619 parvasque
636 3534 727 3599 fores
748 3533 912 3618 pulsavit:
933 3544 967 3600 at
988 3533 1065 3599 inde

170 3644 281 3728 prodit
305 3664 403 3721 anuS,
427 3642 608 3726 divamque
630 3642 731 3720 videt,
755 3643 993 3728 lymphamque
1016 3643 1150 3728 roganti

170 3753 264 3819 dulce
283 3750 389 3828 dedit,
410 3759 500 3815 tosta
519 3733 610 3835 quod
629 3761 761 3816 texerat
781 3761 860 3818 ante
878 3753 1021 3837 polenta.
1048 3792 1051 3797 -

171 3862 261 3930 Durn
286 3860 372 3928 bibit
397 3859 454 3924 illa
478 3859 607 3938 datum,
632 3861 708 3926 duri
732 3882 815 3946 puer
838 3861 908 3928 oris
932 3871 966 3928 et
989 3862 1103 3927 audax
