3042 4475
212 308 269 354 112
499 289 743 344 SELECTIONS
772 289 882 344 FROM
911 288 1009 343 OVID
1038 322 1040 327 -

211 470 297 535 aeris
321 480 354 535 et
377 469 483 536 inflati
508 469 688 554 complevit
711 473 885 536 murmure
907 469 1000 548 buxi,

210 600 334 663 perque
358 580 446 645 leves
471 579 608 645 domitis
633 579 764 645 invecta
789 579 942 645 leonibus
967 599 1068 644 auras

141 768 147 784 x
212 687 342 752 ‘Inrita
365 687 527 772 sacrilega
549 680 653 753 iactas
676 687 830 753 incendia
852 688 982 766 dextra,

213 795 344 861 Turne!
359 794 367 820 ’
385 796 441 861 ait.
484 795 670 880 ‘Eripiam,
689 817 749 862 nec
766 818 820 861 me
837 796 985 881 patiente
1000 796 1161 883 cremabit

212 903 301 989 ignis
322 904 410 970 edax
430 924 607 970 nemorum
626 915 741 989 partes
763 916 795 972 et
816 906 966 971 membra
987 903 1161 972 meorum.3

258 1013 409 1079 Intonuit
431 1012 562 1079 dicente
581 1013 654 1092 dea,
675 1013 905 1099 tonitrumque
926 1014 1029 1081 secuti

211 1144 288 1189 curn
309 1122 449 1189 saliente
467 1144 590 1208 graves
609 1123 800 1189 ceciderunt
820 1124 986 1209 grandine
1006 1123 1122 1202 nimbi,

211 1234 359 1317 aeraque
381 1243 413 1299 et
437 1232 605 1298 tumidum
630 1232 749 1299 subitis
773 1234 989 1299 concursibus
1014 1254 1139 1318 aequor

162 1424 166 1429 ι
214 1341 348 1407 Astraei
366 1341 502 1407 turbant
519 1352 551 1408 et
569 1352 649 1407 eunt
666 1342 700 1406 in
717 1342 845 1427 proelia
863 1342 995 1408 iratres.

213 1451 243 1515 E
261 1450 381 1534 quibus
399 1450 488 1516 alma
506 1471 627 1535 parens
645 1450 745 1517 unius
764 1450 892 1518 viribus
910 1472 971 1517 usa

213 1569 352 1644 stuppea
372 1560 544 1644 praerupit
568 1560 737 1646 Phrygiae
758 1560 942 1627 retinacula
962 1560 1077 1626 classis

214 1668 345 1753 fertque
366 1678 456 1735 rates
478 1690 602 1753 pronas
625 1669 803 1753 medioque
826 1670 888 1735 sub
910 1691 1054 1753 aequore
1077 1668 1209 1753 mergit.

213 1778 347 1845 Robore
367 1778 498 1843 mollito
519 1778 678 1863 lignoque
699 1778 895 1862 incorpora
916 1799 1013 1843 verso

214 1886 248 1952 in
269 1887 416 1970 capitum
439 1886 542 1952 facies
562 1907 690 1971 puppes
712 1896 886 1952 mutantur
907 1887 1066 1965 aduncae,

213 1994 247 2059 in
267 1994 393 2080 digitos
413 1995 536 2061 abeunt
556 2007 588 2062 et
607 2016 705 2061 crura
724 1984 876 2061 natantia
897 1995 991 2074 remi,

213 2104 369 2188 quodque
389 2104 482 2170 sinus
506 2103 626 2183 fuerat,
650 2104 738 2169 latus
759 2115 819 2182 est,
842 2103 1027 2189 mediisque
1049 2090 1164 2169 carina

213 2212 346 2280 subdita
370 2212 517 2299 navigiis
543 2213 660 2298 spinae
682 2222 834 2280 mutatur
858 2212 892 2279 in
917 2234 1026 2292 usum,

213 2324 281 2388 lina
299 2345 415 2390 comae
432 2323 560 2402 molles,
579 2333 758 2389 antemnae
775 2322 930 2389 bracchia
947 2322 1041 2389 fiunt.

215 2429 388 2509 Caerulus,
405 2442 443 2497 ut
462 2431 582 2510 fuerat,
600 2433 692 2498 color
708 2441 758 2497 est
768 2453 776 2509 ;
792 2451 941 2515 quasque
957 2441 1036 2496 ante
1052 2431 1224 2507 timebant,
1290 2445 1301 2458 ’
1344 2471 1348 2479 ·

213 2537 288 2606 illas
309 2540 470 2625 virgineis
490 2552 647 2608 exercent
667 2540 795 2607 lusibus
815 2540 923 2606 undas

213 2650 329 2716 naides
350 2671 554 2734 aequoreae3
577 2649 736 2734 durisque
757 2649 791 2714 in
813 2649 984 2715 montibus
1005 2660 1099 2715 ortae

213 2759 314 2826 molle
336 2759 461 2825 fretum
482 2759 662 2837 celebrant,
685 2780 745 2824 nec
767 2780 823 2825 eas
845 2753 905 2824 'sua
926 2758 1038 2843 tangit
1059 2758 1166 2843 origo.

215 2869 294 2934 Non
316 2879 429 2934 tamen
451 2868 584 2946 oblitae,
606 2888 707 2952 quarn
729 2866 836 2933 multa
856 2867 1002 2952 pericula
1024 2889 1121 2952 saepe

214 2977 410 3061 pertulerint
430 2978 561 3061 pelago,
581 2976 711 3041 iactatis
730 2997 829 3059 saepe
845 2975 968 3042 carinis

214 3107 419 3170 supposuere
438 3107 570 3164 manus
592 3085 657 3150 nisi
679 3084 775 3168 siqua
797 3084 940 3151 vehebat
961 3084 1119 3150 Achivos.

214 3195 330 3261 Cladis
350 3195 460 3260 adhuc
481 3193 651 3280 Phrygiae
670 3215 846 3273 memoreS,
867 3195 967 3260 odere
989 3194 1150 3277 Pelasgos

215 3303 432 3388 Neritiaeque
454 3303 536 3369 ratis
559 3303 716 3369 viderunt
741 3302 912 3388 fragmina
936 3301 1030 3367 laetis

214 3413 372 3491 vultibus,
396 3423 428 3479 et
450 3411 547 3478 laetis
569 3411 686 3478 videre
708 3410 872 3496 rigescere
894 3409 1032 3494 puppim

215 3521 363 3587 vultibus
381 3521 515 3587 Alcinoi
534 3541 722 3604 saxumque
739 3520 921 3585 increscere
940 3518 1042 3602 lign0.

262 3629 346 3714 Spes
369 3639 452 3707 erat,
477 3629 511 3694 in
535 3630 701 3714 nymphas
724 3629 874 3694 animata
898 3628 1005 3693 classe
1026 3626 1185 3705 marinas,

213 3761 313 3824 posse
330 3748 421 3804 metu
440 3738 582 3804 monstri
603 3738 768 3803 Rutulum
787 3736 946 3802 desistere
964 3735 1060 3801 bello.

217 3850 359 3928 Perstat,
376 3848 543 3932 habetque
561 3847 641 3913 deos
657 3867 736 3931 pars
754 3855 906 3930 utraque,
924 3844 1080 3930 quodque
1096 3844 1236 3909 deorum
1254 3851 1305 3907 est
