3042 4475
198 300 258 365 106
485 302 730 356 SELECTIONS
758 303 869 356 FROM
898 303 996 357 OVID

241 479 372 547 Adnuit
394 493 495 566 atque
516 482 631 549 animo
653 477 778 567 pariter
800 484 978 568 patruique
1000 504 1127 568 suoque

196 588 314 655 Delius
337 590 516 676 indulgens
539 592 660 658 nebula
681 592 814 658 velatus
836 592 870 656 in
892 613 1014 677 agmen

196 699 347 782 pervenit
373 700 523 778 iliacum,
548 701 723 785 mediaque
748 701 782 765 in
806 701 907 767 caede
930 702 1080 766 virorum

200 827 277 872 rara
296 828 355 891 per
374 807 510 892 ignotos
530 820 743 894 spargentem
763 810 868 875 cernit
887 810 1038 876 Achivos
1250 826 1288 868 000

197 915 262 980 tela
284 916 397 994 Parin,
420 917 597 1001 fassusque
617 918 717 983 deum
738 917 854 1003 ‘Quid
876 918 1001 1002 spicula
1022 918 1134 1003 perdis

196 1023 361 1108 sanguine
382 1024 532 1109 plebis?'
555 1026 612 1091 ait.
661 1025 790 1110 ‘Siqua
813 1038 863 1093 est
886 1026 944 1092 tibi
967 1048 1047 1092 cura
1069 1037 1216 1106 tuorum,

196 1143 326 1199 vertere
345 1133 379 1200 in
398 1134 569 1201 Aeaciden
589 1157 769 1219 caesosque
789 1135 947 1202 ulciscere
968 1134 1129 1201 iratresl'

196 1241 295 1308 Dixit
316 1253 358 1321 et,
380 1244 559 1309 ostendens
580 1254 783 1310 sternentem
804 1244 933 1310 Troica
949 1243 1040 1310 ferro

201 1372 343 1436 corpora
359 1353 507 1431 Peliden,
523 1375 621 1419 arcus
637 1353 783 1419 obvertit
798 1354 831 1417 in
848 1354 942 1421 illum
1251 1368 1289 1410 005

196 1446 353 1544 certaque
374 1461 505 1527 letifera
528 1462 652 1528 direxit
674 1462 802 1547 spicula
824 1462 953 1528 dextra.

243 1569 345 1654 Quod
370 1570 528 1637 Priamus
550 1572 699 1657 gaudere
721 1592 824 1637 senex
846 1582 922 1657 post
946 1572 1097 1638 Hectora
1120 1580 1242 1655 posset,

195 1680 259 1745 hoc
282 1679 356 1746 fuit.
403 1680 464 1747 Ille
485 1680 589 1766 igitur
610 1691 784 1747 tantorum
806 1681 923 1760 victor,
946 1681 1087 1761 Achille,

197 1788 306 1855 victus
326 1810 361 1855 es
382 1811 402 1855 a
422 1789 543 1856 timido
564 1789 687 1856 Graiae
707 1799 841 1872 raptore
862 1788 1019 1854 maritae!

199 1897 247 1962 At
267 1898 294 1962 si
314 1898 461 1964 femineo
481 1898 592 1964 iuerat
609 1898 669 1964 tibi
689 1899 803 1963 Marte
819 1898 1017 1977 cadendum,
1252 1912 1290 1955 000

196 2005 504 2072 Thermodontiaca
520 2008 637 2073 malles
653 2007 811 2073 cecidisse
828 2007 971 2091 bipenni.

244 2114 317 2181 Iam
339 2115 443 2182 timor
465 2117 520 2182 ille
544 2116 730 2201 Phrygum,
754 2117 855 2182 decus
877 2128 910 2183 et
931 2117 1036 2182 tutela
1060 2115 1195 2201 Pelasgi

197 2225 354 2306 nominis,
379 2226 554 2305 Aeacides,
579 2238 679 2311 caput
704 2226 928 2311 insuperabile
949 2226 1046 2305 bello,

197 2345 343 2401 arserat:
365 2347 513 2402 armarat
532 2338 615 2402 deus
636 2336 734 2414 idem,
757 2336 911 2420 idemque
931 2346 1105 2401 cremarat.

201 2444 274 2509 Iam
289 2444 374 2510 cinis
390 2455 450 2523 est,
467 2455 499 2510 et
516 2445 557 2511 de
572 2455 642 2510 tam
659 2466 785 2529 magno
802 2455 905 2510 restat
920 2445 1052 2510 Achille
1252 2458 1291 2501 010

197 2552 310 2619 nescio
332 2553 424 2637 quid,
447 2571 588 2639 parvam
610 2554 701 2638 quod
722 2575 791 2619 non
812 2554 896 2620 bene
916 2553 1081 2636 compleat
1104 2573 1242 2640 urnam:

198 2672 235 2728 at
255 2662 339 2729 vivit
360 2672 470 2728 totum
491 2684 577 2747 quae
597 2663 708 2748 gloria
728 2663 895 2748 compleat
915 2663 1039 2728 orbem.

199 2773 295 2838 Haec
317 2772 364 2836 illi
385 2793 543 2838 mensura
564 2772 638 2838 viro
660 2773 849 2856 respondet,
871 2781 904 2837 et
925 2772 988 2837 hac
1010 2781 1062 2837 est

198 2902 260 2967 par
280 2880 342 2947 sibi
367 2881 499 2947 Pelides
520 2903 581 2947 nec
602 2881 716 2946 inania
737 2880 883 2947 Tartara
905 2881 1015 2946 sentit.

339 3115 442 3182 THE
478 3114 813 3183 wnnonmncs
850 3113 914 3180 or
950 3114 1146 3181 AENEAS

597 3268 895 3342 mmmm

274 3414 464 3499 [Escaping
478 3414 569 3480 from
582 3414 677 3497 Troy
690 3413 773 3479 with
788 3413 840 3478 his
855 3413 966 3478 father
980 3412 1146 3478 Anchises
1159 3412 1226 3477 and
1238 3411 1292 3478 his
1410 3499 1412 3501 ,

199 3545 261 3590 son
276 3523 456 3602 Ascanius
471 3524 538 3588 and
555 3521 713 3588 followed
728 3522 772 3605 by
787 3543 807 3587 a
822 3521 911 3588 band
926 3519 965 3587 of
980 3519 1141 3603 Trojans,
1157 3519 1292 3585 Aeneas

198 3634 287 3700 after
305 3655 408 3719 many
428 3634 630 3699 adventures
648 3632 792 3697 touched
813 3642 847 3697 at
867 3631 923 3698 the
943 3630 1052 3695 island
1071 3630 1109 3695 oi
1130 3630 1234 3694 Delos
1256 3629 1290 3694 in

198 3741 256 3805 the
278 3740 418 3825 Aegean
444 3740 519 3807 Sea.
569 3740 681 3805 There
705 3740 746 3804 he
772 3761 842 3805 was
868 3723 1075 3805 entertained
1100 3739 1144 3824 by
1167 3739 1288 3818 Anius,

198 3849 301 3935 priest
328 3851 367 3916 oi
395 3851 530 3936 Apollo,
559 3849 626 3914 and
654 3859 688 3915 at
716 3848 774 3914 the
801 3848 946 3932 banquet
975 3848 1009 3912 in
1035 3849 1144 3915 honor
1172 3849 1210 3914 of
1238 3848 1291 3912 his
