3042 4475
232 266 293 329 128
520 265 766 320 SELECTIONS
794 265 905 319 FROM
932 265 1033 319 OVID

276 444 329 511 bis
347 466 409 511 sex
427 446 559 513 adsueti
578 446 714 513 vincere
731 464 864 530 semper
881 446 969 530 equi,

229 555 388 639 quodque
405 576 651 640 supervacuum
670 565 733 633 est,
755 555 866 621 fomra
885 566 1081 639 praestante
1099 558 1232 640 puellae
1295 573 1323 619 z

276 662 447 742 Lesbides,
468 686 587 731 eversa
607 685 750 748 corpora
771 674 869 748 capta
889 665 1010 730 domo:

229 794 373 858 cumque
385 782 437 840 tot
449 774 503 839 his
522 773 601 857 (sed
615 795 684 839 non
698 795 785 857 opus
798 785 849 840 est
862 772 923 839 tibi
937 774 1102 860 coniuge)
1122 776 1276 842 coniunx

275 904 320 948 ex
340 882 624 969 Agamemnoniis
643 905 712 949 una
731 884 843 967 puella
863 884 981 950 tribus.

230 992 287 1059 Sic
309 992 370 1059 tibi
393 992 437 1058 ab
458 992 581 1058 Atride
603 992 713 1077 pretio
736 992 931 1058 redimenda
955 992 1114 1059 fuissem:

274 1122 362 1186 quae
377 1102 459 1169 dare
474 1101 648 1179 debueras,
665 1100 815 1185 accipere
832 1102 890 1167 illa
908 1102 1037 1187 negas?

227 1211 307 1296 Qua
328 1212 436 1276 merui
459 1212 556 1296 culpa
578 1209 650 1275 fieri
672 1210 734 1276 tibi
757 1210 845 1288 vilis,
869 1209 1025 1277 Achille?

273 1320 354 1405 Quo
375 1319 458 1385 levis
478 1342 500 1384 a
519 1319 617 1385 nobis
636 1329 707 1384 tam
728 1319 795 1385 cito
818 1319 910 1405 fugit
929 1320 1050 1386 amor?

228 1428 285 1493 An
306 1428 448 1494 miseros
468 1428 577 1493 tristis
600 1427 738 1493 fortuna
759 1429 919 1495 tenaciter
940 1440 1049 1514 urget,

274 1558 339 1603 nec
355 1537 448 1603 venit
467 1537 611 1621 inceptis
629 1537 765 1603 mollior
782 1538 868 1603 hora
885 1538 992 1603 meis?

228 1644 353 1711 Diruta
375 1647 489 1711 Marte
511 1656 571 1711 tuo
594 1646 760 1731 Lyrnesia
782 1646 915 1712 moenia
938 1647 1020 1725 vidi,

274 1766 308 1821 et
327 1754 463 1821 fueram
480 1754 610 1839 patriae
627 1776 707 1839 pars
724 1776 790 1840 ego
807 1777 934 1841 magna
952 1776 1059 1822 meae.

228 1860 311 1930 Vidi
328 1874 501 1930 consortes
518 1864 644 1949 pariter
663 1864 863 1948 generisque
882 1865 1038 1949 necisque

273 1982 343 2039 tres
358 1972 535 2039 cecidisse:
559 1971 676 2050 tribus,
692 1973 886 2056 quaemihi,
902 1984 1010 2039 mater
1024 1983 1107 2042 erat.

227 2079 321 2159 Vidi,
340 2091 486 2166 quantus
502 2091 585 2159 erat,
605 2081 720 2146 fusum
739 2082 858 2147 tellure
876 2093 1014 2148 cruenta

272 2200 409 2275 pectora
427 2190 609 2257 iactantem
627 2190 891 2276 sanguinulenta
909 2191 1030 2258 virum.

227 2297 297 2366 Tot
314 2310 427 2365 tamen
443 2299 578 2365 amissis
597 2309 630 2365 te
647 2300 940 2383 compensavimus
956 2323 1081 2369 unum:

272 2417 311 2474 tu
332 2409 501 2488 dominus,
522 2419 561 2474 tu
582 2408 645 2487 vir,
667 2420 705 2475 tu
725 2409 808 2475 mihi
832 2409 940 2475 frater
961 2432 1046 2477 eras.

226 2511 282 2583 Tu
298 2517 392 2596 mihi,
410 2517 540 2582 iuratus
555 2538 615 2602 per
629 2518 769 2583 numina
784 2518 904 2583 matris
920 2540 1077 2603 aquosae,

272 2625 355 2692 utile
375 2626 509 2692 dicebas
530 2626 602 2710 ipse
624 2625 729 2692 fuisse
750 2627 844 2710 capi:

226 2735 352 2801 scilicet
371 2744 420 2813 ut,
439 2735 595 2819 quamvis
613 2733 749 2800 veniam
769 2735 897 2814 dotata,
917 2737 1071 2821 repellaS,

271 2855 304 2912 et
323 2865 455 2909 mecum
476 2843 601 2929 fugias,
620 2865 707 2928 quae
726 2842 787 2910 tibi
808 2844 941 2924 dantur,
962 2866 1053 2930 opes.

227 2952 319 3038 Quin
338 2952 440 3019 etiam
461 2952 553 3018 lama
572 2962 633 3030 est,
651 2973 729 3018 cum
745 2953 892 3019 crastina
912 2954 1044 3021 fulserit
1060 2955 1154 3036 bora,

272 3070 306 3126 te
321 3061 403 3127 dare
420 3060 585 3127 nubiferis
604 3061 706 3127 lintea
726 3061 811 3126 velle
828 3061 940 3128 Notis.

226 3167 329 3253 Quod
347 3169 454 3234 scelus
470 3178 508 3233 ut
523 3169 664 3253 pavidas
681 3167 824 3236 miserae
840 3169 923 3235 mihi
941 3171 1084 3256 contigit
1100 3194 1208 3254 aureS,

272 3276 449 3361 sanguinis
467 3287 571 3362 atque
591 3276 695 3342 animi
715 3287 832 3362 pectus
852 3278 954 3346 inane
975 3279 1050 3345 luit.

226 3383 295 3449 Ibis
315 3395 347 3450 et
367 3384 416 3453 0!
436 3385 594 3451 miseram
614 3386 667 3451 cui
688 3407 752 3464 me,
773 3386 927 3466 violente,
950 3388 1140 3472 relinques?

271 3493 358 3579 Quis
380 3493 463 3560 mihi
486 3495 636 3560 desertae
657 3493 740 3559 mite
762 3495 913 3560 levamen
936 3496 1023 3562 erit?

226 3597 379 3666 Devorer
398 3613 486 3681 ante,
505 3623 633 3687 precor,
652 3602 764 3667 subito
780 3603 910 3668 telluris
925 3604 1031 3684 hiatu,

271 3719 330 3774 aut
348 3711 450 3776 rutilo
468 3710 562 3776 missi
582 3710 736 3776 fulminis
754 3709 834 3795 igne
850 3733 988 3791 cremer,

225 3839 326 3903 quam
348 3820 419 3886 sine
441 3840 496 3884 me
519 3821 652 3886 Phthiis
672 3830 849 3885 canescant
871 3841 1016 3904 aequora
1039 3822 1150 3901 remiS,
