3042 4475
510 266 594 320 THE
621 265 982 321 METAMORPHOSES

194 439 381 551 [Hospesss
402 446 450 511 ait
470 447 613 511 Perseus
633 446 692 524 illi,
712 445 794 511 ‘seu
812 445 921 531 gloria
940 445 1050 532 tangit

196 566 231 621 te
249 556 384 641 generis
403 556 532 640 magni,
552 555 686 640 generis
705 554 789 621 mihi
811 554 961 639 Iuppiter
981 563 1115 620 auctor·

198 666 271 732 sive
295 688 332 730 es
354 665 497 731 mirator
520 686 643 743 rerum,
666 663 833 731 mirabere
853 673 996 730 nostras

199 775 398 859 Hospitium
420 774 634 857 requiemque
654 773 753 858 pet0.’
799 774 934 839 Memor
954 773 1009 839 ille
1028 781 1182 839 vetustae

198 885 300 950 sortis
323 895 416 951 erat:
439 884 579 956 Themis
600 884 688 949 hanc
710 884 849 950 dederat
873 882 1037 947 Parnasia
1058 893 1202 948 sortem:

198 993 206 1019 ‘
221 994 382 1077 Tempus,
402 992 494 1072 Atta,
512 992 640 1071 veniet,
658 1004 716 1059 tua
735 1014 803 1078 quo
820 992 1019 1077 spoliabitur
1036 1013 1120 1057 auro

195 1102 306 1181 arbor,
324 1113 357 1168 et
373 1103 462 1168 hunc
478 1103 622 1187 praedae
637 1102 774 1168 titulum
792 1101 874 1169 Iove
889 1110 988 1167 natus
1005 1099 1161 1167 habebit!
1254 1114 1292 1158 ⁶⁴⁵

245 1211 285 1303 ld
305 1223 458 1278 metuens
478 1212 595 1278 solidis
614 1212 767 1296 pomaria
786 1214 951 1279 clauserat
971 1211 1071 1278 Atlas

196 1322 383 1399 moenibus,
408 1332 441 1386 et
465 1331 562 1387 vasto
586 1322 724 1388 dederat
748 1322 912 1387 servanda
936 1320 1084 1399 draconi,

196 1430 403 1513 arcebatque
423 1430 493 1495 suis
513 1440 672 1497 externos
692 1429 815 1497 finibus
833 1451 961 1497 omnes,

198 1539 290 1603 Huic
311 1559 445 1622 quoque
468 1538 588 1606 ‘Vade
609 1540 735 1623 procul,
759 1560 800 1605 ne
821 1540 922 1625 longe
944 1538 1053 1624 gloria
1075 1558 1198 1616 rerum,

196 1667 299 1729 quarn
318 1645 496 1713 mentiris'
514 1647 572 1725 ait,
594 1646 719 1734 ‘longe
737 1647 798 1713 tibi
821 1646 973 1732 Iuppiter
993 1647 1079 1713 absit
1094 1646 1121 1725 ’;
1254 1661 1293 1704 σω

197 1756 333 1838 vimque
358 1754 460 1820 minis
486 1755 591 1833 addit,
619 1756 840 1840 manibusque
865 1755 1030 1840 expellere
1055 1764 1197 1841 temptat

196 1874 415 1929 cunctantem
438 1874 470 1930 et
491 1863 633 1948 placidis
655 1865 852 1932 miscentem
875 1863 978 1931 fortia
1001 1864 1109 1932 dictis.

196 1973 337 2039 Viribus
359 1973 502 2040 inferior
527 1973 622 2058 (quis
642 1974 733 2041 enim
751 1995 814 2061 par
833 1985 923 2042 esset
943 1974 1093 2040 Atlantis

196 2082 367 2165 viribus?)
416 2082 485 2149 ‘At
503 2076 665 2167 quoniam
682 2084 778 2169 parvi
797 2084 857 2149 tibi
876 2082 986 2168 gratia
1007 2094 1123 2149 nostra
1142 2092 1203 2162 est,

194 2191 308 2276 accipe
321 2212 445 2258 munus
459 2191 467 2216 '
483 2192 541 2272 ait,
557 2193 719 2278 laevaque
732 2213 752 2260 a
767 2202 862 2279 parte
877 2192 1042 2262 Medusae
1253 2206 1291 2252 5⁵

197 2301 267 2386 ipse
291 2313 502 2368 retroversus
526 2303 713 2388 squalentia
737 2302 878 2389 protulit
899 2323 969 2371 ora.

195 2408 354 2493 Quantus
373 2422 456 2488 erat,
476 2432 574 2476 mons
597 2411 707 2476 factus
728 2410 845 2477 Atlas:
865 2432 944 2476 nam
965 2411 1068 2477 barba
1087 2431 1269 2496 comaeque

197 2519 231 2584 in
252 2520 356 2585 silvas
377 2519 512 2598 abeunt,
535 2520 616 2606 iuga
637 2531 716 2586 sunt
737 2520 912 2605 umerique
931 2541 1134 2605 manusque;

196 2629 285 2711 quod
307 2639 408 2712 caput
429 2638 508 2694 ante
529 2628 605 2706 fuit,
628 2650 760 2695 summo
782 2640 833 2696 est
854 2629 889 2694 in
910 2640 1025 2696 monte
1046 2650 1222 2706 cacumen;

194 2757 272 2801 ossa
288 2735 375 2820 lapis
391 2734 495 2802 fiunt:
511 2746 585 2803 tum
602 2747 714 2821 partes
731 2749 850 2804 auctus
868 2738 902 2804 in
919 2759 1036 2805 omnes
1253 2753 1292 2797 uo

195 2846 299 2914 crevit
321 2846 356 2910 in
376 2845 568 2912 inmensum
594 2845 661 2929 (sic
679 2846 714 2912 di
734 2847 936 2931 statuistis),
957 2859 990 2914 et
1009 2868 1111 2913 omne

194 2976 270 3021 cum
293 2965 344 3022 tot
366 2955 535 3022 sideribus
555 2956 689 3023 caelum
710 2956 874 3042 requievit
895 2956 931 3021 in
953 2957 1021 3023 illo.

384 3249 605 3318 PERSEUS
641 3249 746 3316 AND
782 3249 1102 3318 ANDROMEDA

602 3389 686 3456 (Met.
699 3388 734 3452 iv,
747 3387 884 3457 663-764)

151 3513 153 3515 ’
268 3515 363 3598 [The
394 3513 555 3599 morning
585 3514 675 3580 after
706 3516 764 3582 the
794 3514 1077 3581 transformation
1108 3514 1148 3581 of
1179 3513 1288 3593 Atlas,

195 3625 339 3690 Perseus
362 3622 515 3690 fastened
535 3646 580 3690 on
600 3624 653 3689 his
672 3624 809 3708 winged
830 3623 928 3689 shoes
948 3624 1015 3689 and
1035 3624 1216 3690 continued
1237 3624 1289 3689 his

197 3734 305 3818 ssight.
353 3733 502 3819 Passing
520 3755 601 3798 over
622 3755 724 3819 many
744 3734 841 3798 lands
861 3733 904 3798 he
923 3733 990 3799 had
1011 3754 1099 3817 gone
1119 3754 1157 3798 as
1179 3733 1233 3797 far
1253 3754 1291 3799 as

197 3841 368 3926 Ethiopia,
385 3841 490 3988 puhen
509 3863 529 3907 a
550 3852 688 3926 strange
708 3841 870 3926 spectacle
889 3842 987 3947 made
1007 3841 1078 3906 him
1099 3863 1212 3925 pause,
1236 3841 1291 3906 for
