3042 4475
499 262 584 318 THE
610 260 970 317 METAMORPHOSES
1243 272 1283 343 37

188 459 222 512 et
239 466 356 529 specus
376 446 412 510 in
428 446 551 524 medi0,
568 445 675 531 virgis
692 466 731 511 ac
748 444 874 511 vimine
891 444 1025 525 densus

186 554 334 620 efficiens
352 555 515 621 humilem
534 555 683 639 lapidum
701 553 923 639 compagibus
940 575 1067 631 arcum,
1256 564 1282 609 ³⁰

186 663 345 728 uberibus
365 662 531 729 fecundus
548 663 655 748 aquis,
673 662 730 729 ubi
748 663 904 729 conditus
923 674 1023 729 antro

189 770 339 836 Martius
357 771 482 856 anguis
499 782 582 850 erat,
600 771 711 839 cristis
728 770 920 857 praesignis
936 782 969 837 et
986 789 1087 848 auro:

188 880 270 965 igne
291 880 418 946 micant
437 881 536 959 oculi,
558 902 681 966 corpus
702 891 812 947 tumet
831 901 932 946 omne
953 878 1103 957 venenis

186 999 256 1055 tres
277 990 414 1056 vibrant
435 990 583 1075 linguae,
602 990 726 1075 triplici
746 1000 837 1057 stant
856 990 975 1055 ordine
993 988 1119 1054 dentes.

186 1099 300 1183 Quem
316 1110 496 1184 postquam
512 1100 618 1185 Tyria
635 1100 748 1166 lucum
766 1100 807 1164 de
824 1111 926 1185 gente
941 1098 1086 1182 profecti

186 1209 339 1275 infausto
359 1210 505 1295 tetigere
519 1210 642 1295 gradu,
662 1209 876 1293 demissaque
897 1209 931 1273 in
950 1208 1058 1273 undas

185 1341 273 1385 urna
290 1320 383 1386 dedit
402 1320 561 1399 sonitum,
581 1320 685 1405 longo
702 1329 804 1403 caput
823 1318 946 1385 extulit
965 1328 1064 1383 antro

185 1430 359 1494 caeruleus
387 1450 533 1513 serpens,
560 1429 795 1512 horrendaque
821 1427 917 1493 sibila
943 1426 1045 1492 misit.

69 1536 72 1538 ’
187 1537 359 1601 Effluxere
382 1558 488 1602 urnae
510 1537 676 1615 manibus,
701 1535 906 1621 sanguisque
930 1534 1063 1619 reliquit

186 1667 319 1729 corpus,
342 1657 376 1712 et
396 1646 558 1713 attonitos
579 1646 710 1713 subitus
730 1658 859 1713 tremor
879 1656 1020 1730 occupat
1040 1654 1143 1711 artus.

187 1754 250 1820 Ille
268 1755 473 1821 volubilibus
492 1776 690 1840 squamosos
709 1756 856 1822 nexibus
874 1756 972 1822 orbes

186 1874 332 1948 torquet,
355 1874 388 1929 et
412 1865 581 1931 inmensos
604 1867 690 1931 saltu
714 1866 867 1931 sinuatur
889 1864 923 1930 in
946 1885 1053 1942 arcus,

185 1993 226 2037 ac
243 1973 355 2038 media
373 1974 449 2058 plus
467 1984 563 2058 parte
581 1975 671 2039 leves
690 1985 820 2040 erectus
838 1974 873 2040 in
891 1994 993 2039 auras

185 2082 327 2165 despicit
344 2104 446 2149 omne
459 2104 588 2162 nemus,
605 2094 771 2169 tantoque
786 2094 836 2150 est
852 2104 1003 2167 corpore,
1021 2093 1152 2167 quanto

186 2191 214 2256 si
231 2201 341 2257 totum
358 2203 496 2277 spectes,
513 2193 667 2279 geminas
683 2193 739 2279 qui
757 2204 890 2280 separat
906 2193 1039 2259 Arctos.

187 2301 261 2367 Nec
278 2323 385 2379 mora,
405 2302 607 2381 Phoenicas,
626 2303 697 2368 sive
715 2302 763 2368 illi
781 2303 848 2368 tela
864 2302 1040 2387 parabant,

186 2409 259 2476 sive
280 2410 410 2495 lugam,
429 2411 500 2477 sive
515 2411 587 2496 ipse
601 2412 704 2478 timor
720 2411 917 2496 prohibebat
933 2421 1126 2494 utrumque,

184 2530 347 2603 occupat:
366 2521 429 2586 hos
448 2542 575 2599 morsu,
594 2520 707 2606 longis
724 2519 957 2605 complexibus
976 2519 1062 2597 illos,

185 2630 248 2694 hos
268 2640 369 2695 necat
387 2629 516 2695 adflatu
538 2629 663 2696 funesti
684 2629 762 2696 tabe
780 2629 909 2695 veneni.

234 2739 375 2804 Fecerat
395 2739 539 2824 exiguas
560 2739 628 2805 iam
648 2739 698 2805 sol
718 2739 903 2805 altissimus
926 2738 1080 2805 umbras:

184 2870 273 2932 quae
290 2870 386 2914 mora
405 2849 448 2913 sit
464 2848 574 2926 sociis
592 2848 736 2914 miratur
753 2848 915 2933 Agenore
932 2857 1042 2925 natuS,

184 2958 401 3042 vestigatque
424 2957 524 3022 viros.
573 2957 739 3042 Tegimen
764 2958 901 3041 derepta
925 2956 1012 3022 leoni

184 3068 282 3152 pellis
302 3077 384 3145 erat,
407 3067 511 3132 telum
532 3067 723 3150 splendenti
742 3067 859 3132 lancea
881 3066 975 3133 ferro

184 3187 217 3242 et
236 3177 394 3254 iaculum,
413 3177 548 3260 teloque
566 3176 701 3241 animus
717 3176 943 3260 praestantior
960 3174 1063 3240 omni.

232 3287 283 3352 Ut
306 3307 427 3351 nemus
450 3285 598 3362 intravit,
624 3286 790 3368 letataque
813 3305 955 3368 corpora
978 3283 1073 3361 vidit,

184 3396 416 3479 victoremque
436 3415 537 3478 supra
557 3394 695 3478 spatiosi
716 3393 867 3477 corporis
884 3395 1017 3459 hostem

183 3506 295 3571 tristia
315 3502 504 3589 sanguinea
523 3503 728 3568 lambentem
747 3502 891 3568 vulnera
909 3503 1037 3586 lingua,

184 3613 271 3679 ‘Aut
290 3613 383 3678 ultor
405 3621 547 3689 vestrae,
566 3610 730 3675 fidissima
749 3630 903 3691 corpora,
924 3608 1054 3686 mortis,

182 3733 240 3788 aut
258 3720 397 3788 comes'
417 3720 526 3804 inquit
546 3718 648 3786 ‘ero’
694 3719 804 3796 Dixit,
824 3719 1012 3803 dextraque
1030 3719 1194 3782 molarem

184 3832 330 3909 sustulit,
356 3840 390 3894 et
412 3849 576 3914 magnum
599 3849 726 3913 magno
749 3827 926 3894 conamine
948 3826 1050 3892 misit.

370 3923 387 3972 6
