3042 4475
208 265 251 327 80
498 260 743 317 SELECTIONS
773 260 884 317 FROM
911 260 1011 315 OVID

209 443 365 527 quodque
381 444 492 528 magis
507 444 632 511 mirum
649 455 709 523 est,
727 444 826 511 simul
844 444 935 511 edita
953 442 1101 509 concutit
1117 462 1222 507 arma.
1263 456 1301 498 13⁰

210 554 307 639 Quos
324 552 381 617 ubi
399 553 556 618 viderunt
573 564 772 638 praeacutae
787 552 936 638 cuspidis
952 553 1067 618 hastas

209 662 244 727 in
266 672 366 746 caput
389 662 572 728 Haemonii
597 663 727 729 iuvenis
748 674 906 747 torquere
927 672 1095 747 parantes

208 771 371 838 demisere
393 758 485 837 metu
509 773 706 856 vultumque
729 771 946 856 animumque
970 770 1114 857 Pelasgi.

208 880 286 965 Ipsa
307 903 440 965 quoquc
459 882 627 961 extimuit,
648 903 736 966 quae
756 892 869 948 tutum
890 880 1015 947 fecerat
1036 881 1141 959 illum,

207 1001 310 1075 utque
330 991 397 1076 peti
419 991 505 1057 vidit
527 991 681 1057 iuvenem
702 1001 753 1057 tot
774 992 816 1057 ab
836 991 988 1057 hostibus
1009 1011 1126 1068 unum,

207 1100 335 1184 palluit,
357 1110 389 1166 et
410 1100 522 1165 subito
544 1100 615 1167 sinc
636 1101 801 1185 sanguine
822 1100 950 1184 frigida
970 1100 1073 1176 sedit;

207 1230 290 1275 neve
309 1231 430 1294 parum
450 1210 583 1275 valeant
603 1231 623 1274 a
642 1231 677 1276 se
697 1211 777 1276 data
797 1211 965 1295 gramina,
984 1228 1119 1274 carmen

207 1320 371 1385 auxiliare
391 1319 490 1398 canit,
513 1329 723 1403 secretasque
741 1320 885 1385 advocat
906 1329 1004 1384 artes

207 1429 278 1506 Ille,
303 1449 442 1513 gravem
464 1428 594 1494 medios
613 1428 740 1494 silicem
764 1428 927 1493 iaculatus
949 1428 983 1492 in
1005 1427 1128 1504 hostcS,

207 1558 226 1601 a
245 1558 280 1602 se
298 1537 475 1622 depulsum
494 1538 644 1602 Martem
662 1536 828 1603 convertit
848 1537 881 1615 in
901 1536 1000 1620 ipsos.

207 1646 413 1732 Terrigenae
432 1656 572 1730 pereunt
591 1667 650 1731 per
672 1656 790 1712 mutua
809 1646 948 1711 vulnera
970 1645 1102 1723 fratres

206 1755 362 1839 civilique
382 1756 506 1821 cadunt
527 1755 606 1821 acie.
655 1754 840 1822 Gratantur
862 1754 997 1832 Achivi,

207 1863 435 1948 victoremque
457 1874 581 1941 tenent,
605 1863 780 1947 avidisque
803 1862 1013 1947 amplexibus
1036 1863 1182 1928 haerent.

207 1971 261 2036 Tu
279 1992 412 2056 quoque
430 1971 591 2037 victorem
610 1970 795 2056 complecti,
814 1970 967 2043 barbara,
987 1971 1105 2035 velles:

208 2081 266 2145 scd
286 2090 328 2159 te,
351 2101 392 2146 ne
414 2079 552 2157 faceres
574 2079 682 2146 tenuit
703 2079 890 2146 reverentia
913 2078 1032 2145 lamae.

208 2190 310 2276 Quod
330 2190 416 2269 licet,
438 2189 575 2257 adfectu
598 2189 701 2256 tacito
723 2189 869 2268 laetaris,
892 2188 1033 2274 agisque

209 2298 414 2365 carminibus
435 2309 548 2384 grates
568 2309 601 2364 et
620 2297 673 2363 dis
691 2297 885 2365 auctoribus
905 2298 1036 2363 horum.

254 2406 460 2492 Pervigilem
480 2418 630 2492 superest
649 2406 761 2472 herbis
780 2405 891 2491 sopire
910 2407 1102 2478 draconem,

208 2516 264 2600 qui
287 2515 388 2582 crista
410 2515 601 2601 linguisque
622 2516 729 2582 tribus
749 2514 939 2601 praesignis
960 2525 992 2581 et
1012 2514 1108 2581 uncis

209 2625 363 2691 dentibus
385 2625 573 2690 horrendus
594 2635 707 2691 custos
729 2635 801 2692 erat
822 2623 953 2692 arboris
974 2645 1108 2690 aureae.

209 2735 312 2800 Hunc
332 2744 511 2818 postquam
535 2733 657 2818 sparsit
679 2733 818 2799 Lethaei
840 2731 995 2819 gramine
1016 2733 1097 2811 suci,

208 2843 377 2926 verbaque
400 2853 457 2908 ter·
476 2842 563 2908 dixit
587 2840 737 2927 placidos
763 2841 921 2908 facientia
945 2864 1093 2916 somnos,

208 2971 294 3033 quac
310 2973 405 3019 mare
420 2953 603 3031 turbatum,
620 2974 706 3036 quae
722 2952 853 3018 concita
868 2951 1007 3017 flumina
1024 2951 1156 3029 sistunt,

210 3080 348 3125 somnus
365 3058 399 3123 in
414 3058 550 3144 ignotos
565 3059 680 3125 oculos
698 3058 761 3124 sibi
779 3059 879 3138 venit,
897 3069 930 3124 et
945 3080 1029 3124 auro

136 3176 139 3192 ¹
209 3166 307 3231 heros
332 3167 500 3233 Aesonius
523 3169 661 3252 potitur,
685 3169 858 3253 spolioque
880 3168 1052 3252 superbus,

208 3276 357 3340 muneris
380 3287 551 3341 auctorem
574 3299 697 3355 secum,
720 3277 827 3362 spolia
849 3278 963 3355 altera,
989 3287 1138 3362 portans

208 3381 316 3446 victor
338 3381 500 3448 Iolciacos
522 3383 634 3468 tetigit
655 3405 731 3450 cum
753 3382 898 3469 coniuge
919 3394 1047 3470 portus.
