3042 4475
237 180 297 256 146
524 181 768 238 sscrcrrous
797 184 907 239 raon
936 186 1035 241 ovio

235 358 329 426 Usus
349 362 516 430 amicitiae
536 373 649 429 tecum
669 365 751 429 mihi
769 386 908 450 parvus,
930 375 967 431 ut
987 364 1078 431 illam

280 492 349 536 non
372 492 473 556 aegre
495 493 610 556 posses
632 474 857 553 dissimulare,
882 473 958 554 fuit,

234 600 295 647 uec
314 601 369 646 me
388 582 585 666 complexus
604 582 723 648 vinclis
742 582 955 668 propioribus
976 605 1078 663 esses,

280 710 367 755 nave
384 711 459 755 mea
479 700 590 769 vento,
611 689 739 769 forsan,
758 701 857 758 eunte
876 713 946 758 suo.

233 797 284 864 Ut
302 798 415 876 cecidi,
434 799 610 882 cunctique
626 810 717 865 metu
736 800 855 884 fugere
871 800 1015 880 ruinam,

279 928 444 992 versaque
467 908 636 974 amicitiae
657 920 753 995 terga
776 909 898 976 dedere
921 932 1027 990 meae,

234 1035 336 1082 ausus
355 1038 390 1082 es
411 1017 489 1101 igne
509 1017 601 1084 Iovis
621 1039 817 1103 percussum
838 1028 978 1104 tangere
998 1039 1120 1104 corpus

279 1135 311 1191 et
331 1124 528 1209 deploratae
548 1126 649 1192 limen
670 1127 766 1193 adire
784 1128 923 1193 domus:

234 1234 334 1318 idque
358 1255 471 1301 recens
496 1245 645 1319 praestas
670 1256 730 1304 nec
754 1236 858 1321 longo
883 1236 1039 1320 cognitus
1064 1257 1138 1315 usu,

280 1343 370 1428 quod
388 1353 539 1411 veterum
559 1343 682 1409 misero
701 1344 761 1409 vix
778 1345 845 1411 duo
862 1354 972 1411 tresve
991 1345 1083 1412 mihi.

234 1450 315 1517 Vidi
336 1473 400 1536 ego
419 1451 580 1518 confusos
600 1453 714 1518 vultus
734 1454 892 1538 visosque
910 1454 1037 1533 notavi,

278 1580 382 1644 osque
398 1561 538 1627 madens
555 1562 634 1627 fletu
650 1562 875 1647 pallidiusque
891 1584 980 1640 me0,

232 1678 265 1735 ct
290 1669 445 1735 lacrimas
469 1691 606 1735 cernens
632 1670 665 1735 in
690 1670 824 1755 singula
847 1670 948 1736 verba
973 1671 1138 1749 cadentes,

278 1798 337 1845 ore
361 1799 437 1843 meo
461 1779 627 1857 lacrimas,
651 1780 791 1845 auribus
814 1780 870 1845 illa
894 1779 979 1857 bibi;

232 1886 454 1973 bracchiaque
472 1887 582 1972 accepi
601 1909 717 1973 presso
735 1888 915 1974 pendentia
935 1889 1032 1967 colle,

279 2006 313 2063 et
335 1996 529 2082 singultatis
550 1998 665 2064 oscula
686 1998 795 2062 mixta
817 1998 917 2063 sonis

235 2106 318 2174 Sum
335 2127 477 2191 quoque,
492 2128 578 2186 care,
594 2106 661 2173 tuis
676 2106 836 2173 defensus
852 2104 980 2172 viribus
995 2106 1114 2172 absens
1126 2128 1181 2172 :—

278 2214 343 2282 scis
365 2213 526 2281 ‘carum’
549 2214 622 2281 veri
641 2214 792 2281 nominis
814 2237 888 2281 esse
910 2215 1030 2281 loco-

231 2325 403 2410 multaque
423 2335 594 2410 praeterea
615 2310 787 2391 manifesti
810 2326 907 2410 signa
930 2324 1058 2390 favoris

278 2433 468 2519 pectoribus
491 2443 589 2500 teneo
612 2455 681 2500 non
705 2433 839 2500 abitura
861 2432 954 2501 meis

233 2543 278 2608 Di
293 2543 352 2609 tibi
368 2565 467 2628 posse
482 2553 558 2609 tuos
572 2543 722 2609 tribuant
736 2541 917 2608 delendere
932 2562 1071 2626 semper,

276 2673 361 2736 quos
383 2652 417 2718 in
439 2652 579 2718 materia
601 2651 815 2737 prosperiore
836 2650 940 2716 iuves.

234 2760 270 2828 Si
289 2771 402 2827 tamen
422 2762 558 2840 interea,
578 2761 659 2846 quid
677 2761 711 2826 in
732 2760 785 2825 his
805 2781 869 2844 ego
888 2759 1038 2844 perditus
1056 2760 1125 2825 oris

282 2868 391 2953 (quod
410 2880 443 2935 te
458 2870 605 2937 credible
624 2880 674 2936 est
692 2869 886 2954 quaerere),
905 2868 1048 2953 quaeris
1068 2889 1189 2953 agam:

232 3000 290 3063 spe
310 2979 427 3045 trahor
447 2979 721 3065 exigua—quam
742 2990 780 3045 tu
800 2978 882 3044 mihi
903 2978 1037 3044 demere
1058 2977 1184 3056 noli—,

276 3088 386 3154 tristia
408 3088 503 3154 leniri
526 3089 667 3154 numina
687 3109 786 3173 posse
806 3086 869 3152 dei.

233 3195 299 3263 Seu
325 3207 450 3262 temere
474 3207 641 3282 exspecto,
668 3197 738 3262 sive
764 3196 798 3262 id
823 3195 1018 3279 contingere
1044 3195 1096 3260 fas
1121 3205 1182 3274 est,

276 3314 313 3371 tu
334 3304 427 3382 mihi,
449 3305 540 3389 quod
560 3305 669 3390 cupi0,
693 3303 757 3382 las,
779 3324 906 3388 precor,
929 3324 1004 3369 esse
1023 3304 1138 3387 proba,

230 3435 384 3498 quaeque
403 3414 463 3480 tibi
483 3425 533 3481 est
552 3413 689 3499 linguae
710 3412 880 3490 facundia,
900 3410 1019 3478 confer
1038 3411 1073 3476 in
1093 3411 1187 3490 illud,

277 3534 313 3589 ut
333 3524 454 3589 doceas
473 3532 591 3588 votum
610 3545 709 3607 posse
726 3522 841 3587 valere
861 3541 982 3586 meum.
1005 3573 1007 3578 .

232 3632 312 3718 Quo
330 3631 481 3716 quisquis
499 3631 617 3709 maior,
636 3631 746 3716 magis
765 3640 815 3696 est
834 3630 1005 3714 placabilis
1022 3629 1101 3708 irae,

276 3749 309 3805 et
332 3739 448 3806 laciles
469 3751 581 3806 motus
602 3761 697 3805 mens
717 3758 884 3825 generosa
905 3737 1003 3821 capit.
