3042 4475
232 300 277 367 44
524 286 769 344 SELECTIONS
798 290 907 344 FROM
936 290 1036 345 OVID

235 476 268 534 et
288 467 467 534 substricta
487 490 609 553 gerens
631 467 811 554 Sicyonius
832 470 888 534 ilia
909 470 1039 549 Ladon,

236 585 268 642 et
289 576 437 642 Dromas
457 587 489 643 et
509 577 665 643 Canache
687 578 857 663 Sticteque
877 588 909 644 et
930 579 1047 663 Tigris
1068 590 1100 645 et
1121 579 1213 658 Alce,

236 694 268 749 et
290 683 398 749 niveis
421 684 556 751 Leucon
578 695 610 750 et
633 685 721 750 villis
744 686 893 752 Asbolus
915 687 1008 764 atris,

235 790 515 877 praevalidusque
537 792 651 859 Lacon
675 803 707 860 et
729 815 830 860 cursu
855 795 954 861 fortis
976 796 1077 861 A‘e'llo
1157 846 1159 857 .

234 910 267 965 et
284 899 402 967 Thous
417 910 449 967 et
468 900 594 987 Cyprio
611 903 712 967 velox
728 924 804 968 cum
824 904 929 970 fratre
947 905 1093 989 Lycisce,
1277 920 1327 963 -220

235 1018 266 1075 et
287 1008 422 1095 nigram
442 1009 555 1075 medio
576 1009 724 1077 frontem
744 1012 923 1078 distinctus
944 1014 986 1079 ab
1005 1014 1081 1079 albo

236 1118 418 1203 Harpalos,
438 1131 471 1187 et
492 1120 669 1187 Melaneus
688 1121 886 1206 hirsutaque
906 1143 1046 1206 corpore
1068 1123 1212 1203 Lachne,

235 1239 267 1294 et
286 1237 382 1313 patre
404 1227 556 1307 Dictaeo,
578 1229 639 1295 sed
660 1240 771 1296 matre
793 1231 965 1298 Laconide
984 1232 1054 1297 nati

235 1336 364 1403 Labros
380 1346 413 1404 et
430 1336 616 1425 Argiodus,
633 1349 666 1405 et
683 1350 804 1406 acutae
820 1340 912 1406 vocis
931 1341 1108 1425 Hylactor,

234 1466 384 1530 quosque
399 1445 526 1513 referre
555 1469 651 1515 mora
665 1460 725 1515 est.
768 1450 819 1514 Ea
833 1451 932 1517 turba
947 1450 1104 1534 cupidine
1121 1451 1265 1535 praedae
1289 1466 1327 1509 225

233 1576 292 1639 per
316 1576 418 1640 rupes
442 1557 664 1641 scopulosque
688 1558 850 1642 adituque
873 1560 1022 1625 carentia
1045 1580 1141 1637 saxa,

234 1685 368 1749 quaque
386 1674 437 1731 est
456 1664 601 1731 difficilis
620 1687 751 1751 quaque
771 1677 821 1733 est
840 1668 895 1733 via
915 1669 1018 1747 nulla,
1039 1678 1234 1752 sequuntur.

281 1773 342 1840 Ille
363 1773 453 1860 fugit
472 1796 533 1859 per
551 1796 638 1860 quae
660 1775 775 1842 fuerat
795 1778 867 1843 loca
887 1798 987 1861 saepe
1006 1788 1148 1854 secutus,

233 1883 297 1949 heu
315 1882 462 1949 famulos
480 1883 570 1968 fugit
586 1884 657 1969 ipse
672 1885 769 1950 suos!
810 1885 966 1953 Clamare
981 1886 1103 1952 libebat

234 1991 409 2058 ‘Actaeon
428 2013 493 2077 ego
513 2014 598 2070 sum,
619 1994 794 2060 dominum
814 1994 1009 2079 cognoscite
1027 1995 1193 2061 vestrum!
1209 1995 1217 2021 ’
1287 2011 1326 2055 ao

234 2100 348 2168 Verba
371 2101 487 2167 animo
511 2101 650 2169 desunt:
676 2114 810 2170 resonat
836 2104 1013 2171 latratibus
1037 2097 1160 2170 a'ether.

235 2210 351 2277 Prima
373 2211 630 2280 Melanchaetes
649 2210 684 2278 in
705 2222 803 2299 tergo
823 2213 964 2280 vulnera
986 2212 1077 2293 fecit,

232 2321 389 2406 proxima
410 2320 653 2402 TherodamaS,
674 2322 918 2407 Oresitrophus
937 2323 1043 2389 haesit
1064 2324 1098 2388 in
1118 2344 1232 2390 armo:

233 2431 364 2498 tardius
385 2429 549 2509 exierant,
570 2433 629 2498 sed
651 2453 708 2516 per
729 2433 928 2516 compendia
950 2433 1075 2498 montis

234 2537 417 2625 anticipata
437 2540 491 2606 via
509 2549 570 2607 cst.
615 2540 801 2606 Dominum
820 2540 1043 2607 retinentibus
1065 2542 1140 2619 illis,
1288 2557 1327 2601 aas
1351 2558 1354 2564 ·

234 2660 344 2716 cetera
367 2649 466 2715 turba
488 2649 566 2726 coit,
591 2648 790 2732 confertque
815 2649 849 2712 in
873 2670 1012 2732 corpore
1036 2650 1161 2740 dentes.

234 2757 308 2824 Iam
328 2757 401 2824 loca
422 2757 616 2824 vulneribus
637 2757 767 2823 desunt.
812 2756 924 2823 Gemit
946 2758 1000 2822 ille
1021 2779 1217 2843 sonumque,

233 2868 295 2935 etsi
319 2890 387 2934 non
411 2867 570 2946 lrominiS,
592 2888 692 2952 quem
712 2888 782 2932 non
805 2879 917 2934 tamen
940 2867 1037 2933 edere
1059 2868 1165 2952 possit

232 2999 362 3051 cervus,
379 2977 491 3053 habet,
509 2976 714 3060 maestisque
731 2976 836 3059 replet
853 2975 933 3060 iuga
950 2986 1030 3041 nota
1047 2976 1215 3059 querellis.

234 3085 279 3149 Et
298 3083 440 3169 genibus
458 3083 575 3168 pronis
592 3084 734 3168 supplex
750 3082 937 3174 similisque
956 3083 1090 3167 roganti
1287 3107 1327 3148 no

233 3193 431 3260 circumfert
451 3193 573 3259 tacitos
592 3204 766 3277 tamquam
786 3215 847 3258 sua
868 3192 1022 3258 bracchia
1042 3194 1165 3258 vultus.

280 3302 329 3368 At
349 3302 492 3368 comites
512 3301 669 3387 rapidum
690 3301 798 3367 solitis
818 3301 1008 3368 hortatibus
1029 3323 1152 3386 agmen

235 3409 346 3497 ignari
371 3410 545 3496 instigant,
571 3409 743 3494 oculisque
767 3409 939 3476 Actaeona
964 3420 1139 3494 quaerunt,

234 3531 267 3589 et
289 3519 381 3586 velut
402 3520 575 3586 absentem
598 3519 752 3585 certatim
775 3518 949 3585 Actaeona
972 3519 1120 3585 clamant

200 3638 204 3644 ’
241 3627 450 3712 (adnomen
471 3638 571 3711 caput
593 3627 648 3693 ille
670 3626 809 3708 refert),
833 3636 865 3691 et
887 3626 1002 3692 abesse
1024 3637 1220 3711 queruntur,
1290 3644 1330 3688 245

235 3757 300 3801 nec
321 3757 441 3820 capere
463 3736 596 3802 oblatae
617 3755 756 3819 segnem
778 3735 966 3818 spectacula
988 3737 1142 3819 praedae.

235 3844 350 3916 Vellet
370 3846 489 3914 abesse
508 3845 655 3933 quidem,
677 3843 735 3911 sed
755 3841 869 3920 adest;
890 3843 1054 3931 velletque
1075 3845 1199 3925 videre,
