3042 4475
193 254 233 315 82
484 252 728 307 SELECTIONS
757 253 867 307 FROM
896 252 995 308 OVID

195 443 232 498 ut
252 433 339 499 clivo
358 434 502 499 crevisse
519 444 628 518 putes.
674 433 730 499 Sic
750 426 875 500 rustica
895 434 1065 518 quondam
1177 499 1182 503 ,

193 541 305 608 fistula
326 542 515 626 disparibus
535 543 698 627 paulatim
718 542 827 627 surgit
848 542 972 609 avenis.
1012 618 1014 621 ¹

195 652 285 718 Tum
305 652 374 717 lino
391 652 520 717 medias
538 662 571 718 et
589 652 674 717 ceris
692 652 822 738 adligat
842 651 938 730 imas,

194 772 296 845 atque
315 761 362 826 ita
383 761 586 845 compositas
606 782 713 846 parvo
733 760 931 828 curvamine
949 761 1061 840 flectit,

195 880 232 935 ut
249 891 346 935 veras
363 869 513 936 imitetur
530 890 618 935 aves
663 870 752 934 Puer
771 870 886 935 icarus
902 891 970 935 una

196 979 315 1057 stabat,
338 989 381 1057 et,
404 979 543 1064 ignarus
566 1002 626 1046 sua
648 1001 682 1045 se
703 990 848 1045 tractare
870 980 1003 1064 pericla,

195 1110 254 1154 ore
275 1088 442 1154 renidenti
464 1089 577 1167 mod0,
598 1109 682 1173 quas
703 1110 793 1173 vaga
814 1099 966 1154 moverat
987 1110 1080 1167 aura,

196 1198 353 1281 captabat
374 1197 517 1282 plumae,
541 1197 665 1263 flavam
686 1198 789 1262 modo
810 1197 929 1281 pollice
951 1219 1062 1262 ceram

196 1306 356 1384 mollibat,
382 1306 523 1389 lusuque
546 1328 607 1371 suo
628 1305 782 1372 mirabile
801 1305 906 1390 patris

196 1413 397 1498 impediebat
415 1435 509 1498 opus.
553 1414 739 1498 Postquam
756 1434 877 1480 manus
894 1414 1013 1479 ultima
1031 1414 1157 1498 coeptis

196 1523 353 1608 imposita
373 1533 434 1601 est,
453 1522 607 1608 geminas
626 1521 744 1608 opiie'x
764 1522 899 1589 libravit
919 1523 953 1587 in
973 1524 1044 1588 alas

197 1632 267 1716 ipse
292 1653 390 1697 suum
414 1653 547 1716 corpus,
571 1642 728 1715 motaque
751 1632 908 1716 pependit
931 1632 964 1695 in
989 1653 1080 1697 aura.

243 1739 386 1805 Instruit
407 1750 439 1805 et
463 1749 589 1818 natum,
614 1738 776 1805 ‘Medio’
795 1758 863 1823 'que
886 1739 946 1805 ‘ut
968 1739 1073 1805 limite
1095 1761 1219 1818 curras

197 1848 312 1927 lcare,'
333 1849 381 1915 ait
402 1848 556 1927 ‘moneo
576 1870 627 1926 ne,
649 1848 675 1914 si
697 1849 874 1915 demissior
894 1850 966 1928 ibis,

196 1957 288 2022 unda
306 1967 426 2042 gravet
446 1978 584 2043 pennas
606 1957 633 2022 si
654 1958 783 2036 celsior,
807 1958 896 2043 ignis
917 1959 1047 2024 adurat.

197 2067 290 2132 inter
311 2077 493 2150 utrumque
514 2067 599 2132 vola.
649 2067 721 2132 Nec
743 2077 776 2133 te
798 2076 947 2152 spectare
971 2069 1104 2134 Boiiten

196 2185 254 2241 aut
277 2175 418 2242 Helicen
440 2174 548 2255 iubeo,
572 2175 792 2261 strictumque
812 2176 952 2244 Orionis
974 2198 1105 2243 ensem:
1205 2265 1209 2270 ⁸

196 2306 251 2351 me
273 2285 357 2350 duce
379 2306 479 2369 carpe
502 2284 615 2350 viam'
664 2285 795 2351 Pariter
817 2295 993 2371 praecepta
1016 2287 1151 2352 volandi

196 2393 310 2471 tradit,
334 2403 367 2460 et
391 2393 526 2478 ignotas
546 2394 671 2459 umeris
693 2394 925 2461 accommodat
946 2395 1025 2460 alas

197 2501 289 2566 Inter
310 2523 395 2586 opus
416 2502 632 2586 monitusque
652 2523 759 2587 genae
780 2503 939 2568 maduere
961 2503 1091 2580 seniles,

196 2623 228 2677 et
250 2611 381 2694 patriae
403 2621 571 2676 tremuere
590 2633 720 2676 manus.
768 2610 871 2677 Dedit
892 2612 1006 2677 oscula
1029 2622 1108 2677 nato

197 2741 264 2785 non
286 2719 408 2786 iterum
429 2720 609 2804 repetenda
631 2742 702 2798 sun,
723 2719 910 2805 pennisque
929 2720 1059 2786 levatus

197 2840 274 2896 ante
293 2829 395 2907 volat,
418 2828 599 2913 comitique
618 2829 724 2905 timet,
748 2829 840 2894 velut
861 2828 940 2906 ales,
960 2828 1002 2894 ab
1020 2829 1089 2895 alto

197 2958 282 3022 quae
302 2947 452 3003 teneram
473 2938 602 3022 prolem
623 2937 785 3023 produxit
807 2936 842 3002 in
864 2939 944 3002 aera
965 2937 1063 3015 nido;

197 3047 417 3128 hortaturque
440 3045 543 3129 sequi,
567 3045 815 3129 damnosasque
835 3045 946 3111 erudit
967 3055 1065 3124 artes

121 3238 125 3243 .
197 3166 229 3220 et
250 3164 363 3220 movet
384 3153 455 3238 ipse
475 3175 553 3220 suas
574 3165 606 3220 et
626 3155 697 3220 nati
719 3153 854 3239 respicit
874 3154 954 3219 alas.

198 3263 275 3328 Hos
296 3263 418 3347 aliquis
440 3264 583 3330 tremula
607 3265 687 3330 dum
709 3273 822 3348 captat
844 3262 1034 3328 harundine
1055 3263 1171 3348 pisces,

197 3381 255 3437 aut
276 3381 391 3456 pastor
414 3372 532 3437 baculo
554 3372 683 3439 stivave
705 3371 842 3437 innixus
866 3381 989 3448 arator,

198 3481 294 3559 vidit,
317 3490 350 3546 et
372 3481 544 3566 obstipuit,
568 3481 690 3566 quique
712 3482 847 3546 aethera
871 3502 1005 3565 carpere
1027 3492 1172 3565 possent,

197 3588 339 3654 credidit
355 3611 427 3656 esse
442 3590 532 3655 deos.
575 3590 620 3655 Et
636 3589 704 3654 iam
721 3589 865 3654 Iunonia
881 3589 976 3655 laeva

197 3709 293 3783 parte
314 3697 445 3775 Samos
469 3699 603 3766 fuerant
623 3698 794 3781 Delosque
816 3698 989 3781 Parosque
1009 3698 1152 3776 relictae,

198 3808 318 3873 dextra
343 3807 528 3874 Lebinthus
550 3817 622 3873 erat
645 3806 858 3889 fecundaque
877 3807 976 3872 melle
997 3806 1172 3892 Calymne,
