3042 4475
227 284 264 333 12
514 268 760 325 SELECTIONS
789 273 900 326 FROM
928 274 1029 327 OVID

227 446 376 533 Postque
393 448 482 515 diem
501 450 640 535 longam
658 450 786 517 nudata
803 453 978 519 cacumina
997 454 1101 521 silvae

225 558 417 635 ostendunt,
443 557 627 643 limumque
650 568 764 626 tenent
789 560 823 625 in
849 561 970 627 fronde
994 563 1156 629 relictum.

273 664 441 732 Redditus
459 666 552 732 orbis
571 677 653 733 erat.
699 668 812 753 Quem
832 680 1010 753 postquam
1029 671 1115 738 vidit
1136 673 1274 738 inanem

225 787 258 842 et
277 775 447 841 desolatas
466 796 567 861 agere
586 776 655 842 alta
674 776 808 843 silentia
828 789 947 857 terras,

162 883 413 1037 rDeucalion
431 884 578 950 lacrimis
592 884 639 951 ita
656 885 824 970 Pyrrham
838 887 977 953 adfatur
991 888 1138 955 obortis:
1282 906 1322 949 aso

101 992 103 1001 ’
227 991 271 1059 ‘O
289 1012 396 1071 soror,
414 1014 436 1058 0
453 992 612 1071 coniunx,
629 1014 650 1059 o
668 993 795 1059 femina
811 995 883 1061 sola
899 1005 1078 1080 superstes,

224 1121 326 1185 quam
345 1122 527 1169 commune
548 1100 631 1167 mihi
651 1123 760 1187 genus
782 1115 816 1170 et
835 1104 997 1187 patruelis
1017 1106 1126 1191 origo

224 1210 347 1276 deinde
364 1220 459 1276 torus
477 1210 600 1290 iunxit,
619 1232 709 1277 nunc
727 1210 800 1295 ipsa
817 1213 964 1296 pericula
983 1213 1139 1299 iungunt,

224 1330 404 1398 terrarum,
425 1340 652 1405 quascumque
671 1320 787 1387 vident
806 1343 945 1387 occasus
964 1334 996 1389 et
1015 1333 1120 1401 ortus,

226 1450 287 1495 nos
307 1429 375 1494 duo
394 1428 492 1495 turba
514 1449 647 1507 sumus;
667 1430 818 1513 possedit
838 1441 948 1497 cetera
967 1443 1099 1516 pontus.
1146 1480 1149 1484 .
1282 1449 1322 1493 aas

226 1538 322 1604 Haec
341 1559 473 1623 quoque
490 1537 601 1604 adhuc
620 1538 709 1605 vitae
728 1560 797 1604 non
817 1550 868 1605 est
886 1539 1008 1606 fiducia
1027 1552 1163 1607 nostrae

224 1656 318 1715 certa
339 1647 438 1726 satis;
458 1656 587 1713 terrent
606 1648 708 1713 etiam
728 1668 818 1713 nunc
837 1649 952 1715 nubila
970 1661 1127 1716 mentem.

224 1756 312 1843 Quis
331 1756 403 1837 tibi,
424 1756 452 1822 si
473 1757 544 1824 sine
563 1778 618 1823 me
640 1757 721 1823 fatis
740 1767 854 1841 erepta
876 1757 1008 1837 fuisses,

225 1888 313 1933 nunc
336 1866 480 1945 animus,
506 1846 848 1944 miserandasforet?
894 1866 974 1951 Quo
997 1868 1068 1933 sola
1092 1868 1250 1933 timorem
1278 1852 1280 1856 ¹

227 1976 317 2043 ferre
337 1976 440 2042 modo
463 1975 602 2060 posses?
648 1976 727 2061 Quo
750 1975 947 2041 consolante
968 1975 1122 2042 doleres?
1281 1994 1320 2036 aso

225 2084 381 2169 Namque
397 2104 462 2169 ego
484 2082 601 2167 (crede
617 2082 736 2167 mihi),
755 2083 783 2147 si
799 2093 833 2149 te
849 2104 981 2167 quoque
996 2095 1119 2168 pontus
1136 2086 1282 2165 haberet,

222 2204 255 2261 te
274 2212 444 2279 sequerer,
464 2191 626 2271 coniunx,
646 2202 678 2258 et
697 2214 751 2259 me
768 2213 902 2278 quoque
920 2203 1043 2277 pontus
1061 2194 1208 2278 haberet.

222 2302 256 2370 O
276 2302 407 2369 utinam
427 2323 563 2387 possem
583 2302 725 2387 populos
746 2322 903 2386 reparare
922 2303 1072 2386 paternis
1151 2383 1154 2387 ¹

221 2412 360 2492 artibus,
384 2421 486 2497 atque
508 2411 639 2477 animas
665 2410 832 2477 formatae
855 2409 1034 2476 infundere
1056 2413 1189 2488 terrael

225 2521 324 2588 Nunc
342 2542 449 2607 genus
467 2520 501 2586 in
518 2519 615 2586 nobis
633 2530 736 2586 restat
751 2521 896 2587 mortale
908 2520 1040 2587 duobus
1280 2539 1319 2582 aa

226 2629 293 2713 (sic
312 2629 423 2695 visum
442 2629 607 2714 superis),
627 2628 870 2713 hominumque
888 2629 1042 2713 exempla
1061 2631 1258 2696 manemus)

267 2737 422 2816 Dixerat,
443 2748 477 2804 et
497 2738 633 2804 flebant.
677 2737 810 2803 Placuit
829 2737 972 2804 caeleste
992 2739 1119 2822 precari

221 2869 355 2926 numen,
377 2858 410 2914 et
431 2847 599 2914 auxilium
620 2868 679 2932 per
702 2867 815 2912 sacras
835 2867 994 2930 quaerere
1016 2858 1145 2913 sortes.⁴

221 2956 324 3023 Nulla
344 2977 440 3022 mora
459 2966 528 3023 est:
547 2957 676 3022 adeunt
695 2955 823 3040 pariter
842 2955 1041 3039 Cephisidas
1059 2956 1180 3034 undas,
1287 2960 1291 2970 '

221 3075 259 3132 ut
279 3065 430 3131 nondum
453 3059 609 3150 liquidas,
631 3064 680 3130 sic
702 3064 772 3130 iarn
793 3064 881 3129 vada
902 3074 984 3130 nota
1003 3075 1162 3130 secantes.
1277 3083 1318 3126 m

219 3172 304 3240 Inde
323 3173 380 3240 ubi
402 3173 524 3240 libatos
545 3173 741 3238 inroravere
764 3171 910 3256 liquores

218 3282 367 3349 vestibus
387 3291 420 3348 et
439 3281 553 3366 capiti,
572 3281 713 3347 flectunt
731 3279 876 3366 vestigia
895 3291 1034 3347 sanctae

218 3391 262 3458 ad
282 3391 420 3458 delubra
442 3391 536 3470 deae,
556 3411 702 3476 quorum
724 3387 865 3475 fastigia
885 3389 977 3474 turpi

218 3499 385 3585 pallebant
406 3521 533 3570 musco.
556 3499 756 3582 stabantque
778 3497 850 3563 sine
872 3497 1007 3582 ignibus
1028 3520 1116 3565 arae.

219 3606 269 3674 Ut
291 3607 405 3692 templi
426 3607 568 3692 tetigere
587 3606 727 3692 gradus.
747 3604 938 3689 procumbit
957 3616 1098 3691 uterque
1275 3626 1316 3670 sn

217 3737 344 3800 pronus
362 3716 467 3788 humi.
489 3715 669 3800 gelidoque
688 3735 815 3798 pavens
835 3713 927 3780 dedit
946 3717 1061 3781 oscula
1080 3737 1176 3795 saxo,

216 3834 318 3914 atque
338 3824 387 3894 ita
407 3824 468 3891 ‘Si
490 3821 666 3914 precibus*
690 3822 851 3893 dixerunt
872 3821 1034 3893 ‘numina
1056 3823 1155 3896 iustis
