3042 4475
222 291 280 353 108
509 288 753 345 SELECTIONS
783 291 892 346 FROM
921 290 1020 345 OVID

221 468 332 549 fallor,
353 491 396 535 an
416 480 448 536 et
467 481 595 549 natum,
616 493 693 537 cum
713 471 860 555 primum
879 471 962 537 haec
981 470 1114 537 moenia
1134 471 1215 550 vidi,

219 578 335 662 bisque
355 579 439 646 duas
458 590 566 659 natas
587 590 751 665 quantum
772 580 979 658 reminiscor,
999 579 1191 646 habebas?'

266 688 358 755 Huic
382 688 493 755 Anius
516 689 624 756 niveis
646 689 853 755 circumdata
878 699 1030 773 tempora
1054 689 1147 755 vittis

219 798 412 864 concutiens
433 809 466 865 et
486 798 593 865 tristis
614 798 678 864 ait:
701 797 804 863 ‘Non
828 798 965 876 falleris,
985 799 1085 864 heros

220 907 386 973 maxime:
405 908 518 973 vidisti
540 918 699 973 natorum
716 908 864 991 quinque
881 918 1064 999 parentem,
1272 925 1310 967 666

218 1037 318 1099 quem
337 1038 427 1082 nunc
452 1017 565 1101 (tanta
583 1017 737 1083 homines
757 1038 869 1083 rerum
890 1017 1116 1084 inconstantia
1136 1019 1267 1103 versat)

218 1145 323 1211 paene
342 1125 436 1191 vides
454 1126 584 1191 orbum.
629 1127 731 1211 Quod
751 1128 841 1193 enim
861 1127 942 1192 mihi
963 1127 1051 1194 filius
1071 1129 1191 1194 absens

219 1234 395 1314 auxilium,
418 1257 516 1319 quem
538 1236 627 1301 dicta
650 1258 711 1302 suo
732 1237 774 1302 de
795 1237 931 1303 nomine
952 1238 1050 1303 tellus

219 1343 356 1409 Andros
377 1344 485 1423 habet,
508 1366 569 1429 pro
591 1356 686 1429 patre
706 1346 882 1430 locumque
903 1356 935 1412 et
957 1352 1061 1431 regna
1083 1345 1274 1413 tenentem?

221 1451 337 1518 Delius
352 1454 534 1539 augurium
550 1454 642 1520 dedit
657 1454 754 1520 huic:
771 1455 863 1521 dedit
879 1456 983 1521 altera
999 1455 1101 1521 Liber
1270 1470 1309 1511 666

220 1560 385 1629 femineae
409 1563 504 1648 stirpi
529 1576 609 1631 voto
633 1565 764 1631 maiora
788 1564 919 1650 fideque

217 1692 366 1737 munera.
412 1673 504 1739 Nam
524 1683 615 1739 tactu
635 1685 793 1741 natarum
812 1685 932 1741 cuncta
952 1697 1102 1743 mearum

218 1780 252 1844 in
277 1791 426 1866 segetem
450 1782 649 1867 laticemque
671 1784 754 1850 meri
777 1806 947 1869 canaeque
971 1786 1146 1851 Minervae

217 1890 560 1971 transformabantur,
582 1892 742 1977 divesque
762 1904 834 1959 erat
854 1915 935 1960 usus
956 1895 989 1960 in
1010 1894 1084 1959 illis.

220 1999 297 2065 Hoc
314 2001 369 2066 ubi
386 2002 547 2086 cognovit
563 2001 688 2068 Troiae
704 2003 883 2086 populator
898 2004 1046 2082 Atrides
1270 2019 1308 2061 666

217 2130 260 2174 ne
283 2131 350 2174 non
375 2132 418 2176 ex
441 2110 554 2195 aliqua
579 2121 726 2177 vestram
751 2112 894 2178 sensisse
918 2114 1098 2197 procellam

217 2240 279 2283 nos
300 2241 431 2304 quoque
452 2229 549 2306 parte
568 2230 675 2306 puteS,
698 2243 872 2288 armorum
894 2221 1020 2289 viribus
1042 2245 1123 2290 usus

217 2327 380 2393 abstrahit
404 2328 526 2394 invitas
549 2330 679 2414 gremio
703 2330 878 2415 genitoris,
902 2332 1059 2416 alantque

217 2435 358 2520 imperat
382 2436 579 2522 Argolicam
603 2438 739 2504 caelesti
764 2461 903 2507 munere
925 2442 1075 2506 classem.

218 2543 411 2630 Effugiunt,
430 2567 496 2631 quo
515 2568 665 2631 quaeque
682 2557 811 2632 potest:
832 2549 970 2614 Euboea
988 2549 1127 2628 duabus
1269 2564 1308 2606 666

215 2663 248 2718 et
268 2653 409 2720 totidem
429 2655 518 2722 natis
538 2656 677 2722 Andros
699 2657 850 2723 fraterna
870 2657 974 2741 petita
995 2667 1054 2723 est.

217 2763 318 2828 Miles
338 2764 433 2829 adest
454 2776 496 2844 et,
518 2765 552 2830 ni
574 2765 750 2843 dedantur,
772 2766 858 2832 bella
878 2766 1036 2831 minatur.

216 2872 317 2938 Victa
338 2884 429 2938 metu
450 2873 556 2958 pietas
576 2874 746 2940 consortia
767 2895 908 2958 corpora
930 2894 1057 2958 poenae

216 2981 356 3046 dedidit.
403 2983 447 3048 Et
470 2981 590 3047 timido
612 2982 720 3067 possis
743 2983 916 3067 ignoscere
939 2981 1056 3048 fratri:

217 3111 284 3154 non
301 3089 354 3156 hic
370 3089 513 3168 Aeneas
532 3112 610 3168 non,
628 3090 684 3174 qui
703 3090 898 3156 defenderet
915 3090 1069 3168 Andron,
1269 3107 1307 3150 su

216 3198 346 3264 Hector
368 3209 451 3277 erat,
474 3220 654 3284 perquem
678 3199 845 3266 decimum
869 3200 1016 3265 durastis
1040 3200 1074 3265 in
1097 3221 1233 3266 annum.

216 3307 354 3392 Iamque
373 3309 579 3392 parabantur
598 3308 741 3393 captivis
761 3308 871 3374 vincla
891 3308 1041 3376 lacertis:

215 3416 291 3482 illae
313 3417 467 3483 tollentes
489 3417 674 3484 etiamnum
698 3417 802 3488 libera
825 3418 917 3483 caelo

214 3525 369 3591 bracchia
391 3525 557 3593 “Bacche
577 3537 682 3612 pater,
705 3526 756 3593 fer
775 3527 890 3611 opem!
905 3526 924 3552 ’'
946 3527 1072 3606 dixere,
1093 3527 1236 3612 tulitque

214 3635 363 3700 muneris
383 3645 500 3701 auctor
521 3635 705 3719 opem,-si
727 3636 815 3701 miro
837 3637 974 3719 perdere
995 3657 1089 3701 more
1267 3651 1305 3692 666

215 3743 305 3810 ferre
325 3754 465 3810 vocatur
486 3766 593 3829 opem.
642 3745 714 3810 Nec
735 3766 802 3828 qua
825 3744 955 3810 ratione
976 3743 1121 3828 figuram
1192 3757 1195 3764 ’

213 3852 429 3938 perdiderint,
447 3854 540 3938 potui
559 3853 644 3918 scire
660 3862 719 3918 aut
736 3873 824 3917 nunc
841 3852 951 3919 dicere
967 3872 1104 3937 possum
1114 3873 1122 3931 ;
