3042 4475
228 270 269 338 50
516 261 761 318 SELECTIONS
790 263 900 318 FROM
929 263 1027 318 OVID

273 438 390 505 Serius
408 460 563 525 egressus
582 441 726 526 vestigia
743 442 829 508 vidit
848 442 882 507 in
900 442 970 508 alto

226 548 364 631 pulvere
384 561 475 617 certa
499 549 600 630 ferae,
624 562 763 635 totoque
783 551 945 635 expalluit
968 572 1026 617 ore

144 678 150 687 ·
227 656 413 741 Pyramus:
431 670 468 725 ut
488 680 569 727 vero
587 671 717 727 vestem
735 682 871 745 quoque
887 660 1053 746 sanguine
1070 660 1211 728 tinctam

225 767 381 850 repperit,
408 767 510 834 ‘Una
536 768 643 835 duos'
669 770 778 854 inquit
803 768 895 835 ‘nox
921 770 1037 853 perdet
1061 781 1220 836 amantes.

226 873 256 938 E
278 874 399 958 quibus
422 876 478 942 illa
502 875 568 944 fuit
590 877 692 963 longa
715 878 917 964 dignissima
939 878 1021 957 vita,

223 993 339 1049 nostra
355 1005 478 1050 nocens
494 986 607 1052 anima
624 997 692 1052 est:
709 1008 775 1071 ego
791 998 835 1066 te,
851 987 1054 1066 miseranda,
1071 988 1207 1072 peremi,
1277 1002 1315 1047 110

225 1092 258 1157 in
280 1092 471 1178 locaplena
492 1106 601 1162 metus
621 1095 678 1181 qui
700 1096 782 1163 iussi
803 1108 902 1163 nocte
924 1097 1066 1175 venires,

223 1222 287 1268 nec
308 1202 401 1286 prior
420 1204 485 1271 huc
506 1204 595 1271 veni.
643 1205 809 1272 Nostrum
831 1206 979 1272 divellite
1000 1226 1132 1291 corpus,
1200 1262 1202 1266 .
1274 1215 1278 1223 '

223 1322 255 1377 et
278 1312 438 1379 scelerata
461 1312 535 1381 lero
556 1314 747 1381 consumite
768 1314 897 1381 viscera
918 1336 1045 1393 morsu,

223 1441 244 1486 o
266 1422 468 1507 quicumque
492 1424 638 1489 subhac
660 1424 820 1490 habitatis
843 1444 934 1508 rupe,
959 1425 1083 1490 leones.

223 1528 291 1595 Sed
308 1530 417 1597 timidi
434 1543 484 1598 est
500 1543 618 1617 optare
634 1532 770 1599 necem’
822 1532 1001 1599 Velamina
1018 1532 1162 1599 Thisbes
1277 1549 1315 1592 115

223 1639 321 1716 tollit,
344 1649 377 1705 et
399 1641 442 1706 ad
465 1652 580 1724 pactae
603 1661 715 1707 secum
740 1641 807 1707 fert
829 1640 959 1707 arboris
981 1642 1154 1720 umbram;

106 1745 110 1755 '
222 1756 326 1831 utque
348 1748 442 1815 dedit
466 1759 567 1816 notae
589 1750 757 1828 lacrimas,
781 1751 873 1817 dedit
895 1751 1009 1818 oscula
1033 1752 1130 1829 vesti,

224 1855 371 1940 ‘Accipe
402 1857 511 1923 nunc’
544 1858 653 1943 inquit
684 1859 813 1924 ‘nostri
846 1880 978 1943 quoque
1008 1859 1184 1944 sanguinis
1214 1860 1330 1949 Q

309 1965 411 2057 ‘tusi’

222 2095 356 2159 quoque
375 2086 447 2143 erat
465 2076 645 2157 accinctus,
665 2078 800 2145 demisit
820 2079 854 2143 in
874 2078 931 2145 ilia
953 2078 1091 2157 ferrum,

222 2205 281 2251 nec
298 2205 403 2265 mora,
423 2179 731 2254 ferventi-moriens
747 2209 768 2254 e
783 2187 920 2254 vulnere
936 2187 1050 2255 traxit.
1276 2200 1316 2248 12⁰

222 2293 273 2360 Ut
294 2294 395 2361 iacuit
416 2295 594 2380 resupinus
614 2296 729 2375 hum0,
748 2281 992 2363 cruor'emicat
1013 2299 1089 2375 alte,

223 2425 292 2470 non
313 2405 424 2483 aliter,
444 2427 545 2490 quam
565 2427 642 2472 cum
662 2405 783 2472 vitiato
802 2404 913 2472 fistula
932 2407 1070 2490 plumbo

223 2514 396 2592 scinditur,
419 2525 452 2580 et
474 2515 565 2581 tenui
590 2515 752 2581 stridente
777 2515 944 2582 foramine
966 2516 1086 2600 longas

222 2622 405 2688 eiaculatur
429 2644 544 2708 aquaS,
569 2633 671 2708 atque
696 2623 820 2706 ictibus¹
840 2626 925 2689 aera
945 2624 1080 2708 rumpit.

221 2729 365 2796 Arborei
385 2730 474 2797 fetus
490 2732 693 2818 adspergine
707 2732 819 2798 caedis
838 2733 871 2798 in
888 2744 997 2799 atram
1276 2749 1315 2792 125

222 2851 399 2906 vertuntur
423 2839 558 2919 faciem,
581 2840 842 2926 madefactaque
866 2841 1031 2927 sanguine
1054 2842 1153 2908 radix

222 2970 391 3033 purpureo
411 2950 514 3037 tingit
536 2950 716 3035 pendentia
738 2972 835 3017 mora
856 2951 977 3018 colore.

268 3059 356 3126 Ecce
375 3071 467 3126 metu
486 3061 639 3127 nondum
659 3060 780 3144 posito,
798 3047 844 3126 'ne
864 3058 961 3126 fallat
979 3071 1161 3139 amantem,

223 3168 279 3233 illa
307 3170 403 3246 redit,
433 3170 653 3280 iuvenemque
679 3169 786 3236 oculis
813 3169 992 3253 animoque
1020 3169 1171 3253 requirit,

221 3288 413 3362 quantaque
432 3278 548 3345 vitarit
568 3300 707 3345 narrare
727 3279 873 3364 pericula
892 3278 1006 3372 gestit.
1276 3295 1314 3338 13⁰

222 3385 337 3470 thue
357 3385 467 3453 locum
486 3399 519 3454 et
539 3388 612 3454 visa
630 3387 806 3473 cognoscit
826 3388 859 3452 in
879 3371 999 3453 arbore
1019 3386 1176 3465 formam,
1229 3427 1249 3502 q

222 3494 269 3559 sic
292 3492 374 3562 lacit
396 3496 560 3563 incertam
581 3497 673 3582 pomi
695 3496 807 3563 color:
828 3475 1019 3601 haeretfan
1040 3496 1123 3562 haec
1145 3477 1207 3593 sit}
1249 3521 1256 3542 ¹

221 3604 314 3670 Dum
336 3605 479 3684 dubitat,
502 3605 728 3672 tremebunda
750 3605 844 3671 videt
867 3605 999 3689 pulsare
1021 3616 1198 3672 cruentum

220 3715 369 3780 membra
391 3714 512 3793 solum,
534 3725 692 3798 retroque
713 3714 832 3798 pedem
853 3714 940 3791 tulit,
961 3735 1087 3797 oraque
1106 3715 1199 3780 buxo

221 3820 397 3907 pallidiora
418 3845 550 3908 gerens,
573 3823 750 3890 exhorruit
773 3822 928 3905 aequori‘s
952 3822 1068 3900 instar,
1273 3839 1312 3882 us
