3042 4475
212 222 273 286 114
350 297 354 305 .
501 209 745 269 setecnous
774 212 884 271 mou
913 214 1012 270 ovrn

212 394 429 477 tempestivus
451 406 523 461 erat
544 396 636 462 caelo
658 395 858 481 Cythereius
878 397 986 463 heros.

104 564 110 573 ,
212 500 454 587 Ambieratque
471 503 589 569 Venus
609 526 757 589 superos,
777 505 928 589 colloque
946 504 1094 589 parentis
1265 524 1304 566 aas

211 608 415 674 circumfusa
440 610 491 674 sui
516 610 736 696 ‘Numquam
761 612 867 678 mihi'
892 614 1025 679 dixerat
1049 613 1141 680 ‘ullo
1244 625 1246 631 ’

212 727 361 802 tempore
383 720 466 784 dure
487 730 593 804 pater,
616 742 705 787 nunc
728 721 774 787 sis
796 722 1004 801 mitissimus
1028 733 1118 807 opt0,

211 826 412 912 Aeneaeque
431 849 517 907 meo,
538 829 595 913 qui
616 831 711 896 tede
731 831 897 915 sanguine
916 842 1032 897 nostro

213 935 291 1001 fecit
311 958 425 1016 avum,
445 938 601 1021 quamvis
620 959 764 1023 parvum
783 940 852 1018 des,
872 940 1010 1025 optime,
1031 962 1166 1019 numen,

211 1045 398 1110 dummodo
415 1046 473 1111 des
490 1047 645 1130 aliquod:
663 1048 745 1112 satis
762 1058 812 1113 est
829 1048 1006 1114 inamabile
1022 1070 1164 1133 regnum
1265 1064 1303 1108 tu

211 1154 406 1238 adspexisse
426 1156 537 1234 semel,
561 1155 700 1241 Stygios
721 1157 822 1222 semel
844 1156 908 1223 isse
928 1179 986 1243 per
1006 1157 1142 1223 amnes’

256 1262 450 1330 Adsensere
471 1265 534 1343 dei,
557 1287 617 1331 nec
637 1265 787 1331 coniunx
808 1266 901 1351 regia
922 1266 1035 1332 vultus

211 1372 358 1439 inmotos
381 1374 499 1451 tenuit,
524 1375 721 1459 placatoque
745 1374 863 1440 adnuit
887 1396 954 1440 ore.

211 1482 301 1547 Tum
327 1492 421 1566 pater
448 1482 584 1549 ‘Estis'
612 1483 659 1550 ait
686 1483 841 1549 ‘caelesti
868 1505 1005 1549 munere
1031 1483 1136 1568 digni,

211 1611 362 1675 quaeque
387 1592 483 1675 petis,
511 1613 573 1676 pro
600 1613 734 1676 quoque
758 1592 862 1676 petis:
889 1614 979 1677 cape,
1008 1601 1098 1670 nata,
1126 1594 1216 1677 quod
1242 1614 1300 1677 op

303 1698 378 1765 tas'
1264 1717 1302 1759 sss

257 1809 363 1874 Fatus
387 1819 468 1875 erat.
518 1809 650 1875 Gaudet
672 1820 852 1894 gratesque
874 1809 946 1895 agit
969 1810 1024 1874 illa
1046 1808 1187 1893 parenti,

210 1939 334 2002 perque
356 1918 445 1984 leves
467 1939 568 1983 auras
592 1918 713 1983 iunctis
735 1918 866 1983 invecta
889 1918 1052 1984 columbis

212 2026 291 2091 litus
306 2026 377 2092 adit
393 2026 555 2104 Laurens
573 2026 628 2091 ubi
647 2037 753 2092 tectus
771 2027 958 2092 harundine
976 2027 1078 2112 serpit

211 2134 245 2199 in
268 2134 354 2200 freta
376 2135 544 2200 flumineis
566 2135 676 2200 vicina
700 2134 878 2201 Numicius
900 2135 1009 2200 undis

212 2244 315 2310 Hunc
333 2244 422 2311 iubet
439 2245 583 2324 Aeneae,
602 2266 830 2329 quaecumque
847 2244 995 2310 obnoxia
1012 2245 1124 2323 morti,
1264 2261 1302 2304 ooo

210 2354 346 2419 abluere
368 2363 400 2419 et
424 2353 527 2419 tacito
551 2353 684 2420 deferre
708 2355 769 2420 sub
791 2375 937 2438 aequora
962 2376 1070 2420 cursu.

210 2462 377 2548 Corniger
401 2463 596 2547 exsequitur
619 2463 764 2529 Veneris
787 2465 946 2529 mandata
970 2463 1115 2548 suisque,

210 2571 373 2656 quidquid
395 2572 428 2636 in
449 2572 565 2637 Aenea
588 2572 698 2637 iuerat
719 2573 871 2650 mortale,
894 2583 1053 2656 repurgat

210 2691 242 2745 et
266 2680 430 2765 respergit
454 2681 559 2764 aquis.
609 2681 694 2745 Pars
716 2679 844 2763 optima
868 2679 989 2744 restitit
1012 2678 1069 2743 illi.

212 2788 410 2855 Lustratum
426 2790 563 2874 gentrix
580 2788 697 2854 divino
713 2808 835 2871 corpus
851 2788 955 2852 odore

211 2900 320 2978 unxit,
343 2912 375 2966 et
396 2900 564 2966 ambrosia
585 2920 661 2964 cum
683 2897 772 2963 dulci
794 2907 926 2962 nectare
947 2896 1055 2962 mixta

209 3009 353 3093 contigit
374 3030 412 3073 os
435 3007 579 3092 fecitque
601 3007 719 3083 deum;
741 3027 843 3089 quem
863 3005 961 3070 turba
983 2992 1119 3088 Quirini

210 3127 379 3200 nuncupat
402 3116 590 3200 Indigetem
612 3116 803 3198 temploque
825 3112 958 3197 arisque
980 3113 1112 3196 recepit.

427 3332 667 3400 ROMULUS
703 3331 808 3398 AND
846 3329 1079 3396 HERSILIA

605 3454 689 3519 (Met.
703 3452 754 3514 xiv,
769 3452 903 3520 772·85¹)

285 3564 388 3647 [War
411 3566 477 3630 had
499 3564 626 3630 broken
650 3572 708 3627 out
730 3561 877 3627 between
900 3561 957 3626 the
979 3561 1125 3646 recently
1149 3561 1299 3628 founded

210 3683 294 3738 state
321 3674 360 3739 oi
388 3675 495 3740 Rome
520 3674 586 3739 aud
613 3674 670 3739 the
699 3670 847 3738 Sabinos
900 3671 951 3758 By
978 3670 1113 3754 bribing
1139 3671 1295 3755 Tarpeia,

208 3781 266 3848 the
288 3782 455 3866 daughter
478 3782 517 3847 oi
540 3782 597 3848 the
620 3779 837 3847 commander
861 3777 900 3842 of
922 3778 980 3844 the
1004 3779 1137 3844 Roman
1161 3779 1296 3860 citadel‚
