3042 4475
226 241 285 304 104
512 226 756 283 senecrrous
785 228 895 283 suoru
924 228 1023 283 ovrn

223 402 302 489 Quo
322 406 503 491 plangente
523 429 663 492 gravem
683 408 886 475 moribundo
907 410 1031 475 vertice
1051 418 1176 475 terram

222 515 370 580 extrahit
393 516 475 582 illud
497 516 586 583 idem
607 518 716 584 calido
738 518 781 584 de
801 518 938 584 vulnere
959 518 1063 586 telum

226 633 326 706 atque
342 624 407 690 ait:
423 624 431 651 ‘
447 626 542 692 Haec
556 647 677 691 manus
693 637 752 705 est,
770 628 861 706 haec,
878 648 943 711 qua
958 627 1060 693 modo
1075 627 1227 707 vicimus,
1274 642 1313 687 12⁰

313 732 420 800 hasta.

222 839 312 907 Utar
333 842 367 907 in
387 842 451 909 hoc
472 843 595 923 isdem;
617 844 660 911 sit
681 845 716 911 in
736 847 809 925 hoc,
831 866 958 930 precor,
979 845 1091 913 exitus
1112 844 1240 913 ideml’

269 952 325 1020 Sic
347 954 438 1021 fatus
459 954 612 1041 Cycnum
633 956 762 1041 repetit,
781 977 842 1022 nec
864 955 1020 1021 fraxinus
1039 964 1129 1022 errat

222 1062 322 1147 inque
342 1085 458 1130 umero
480 1066 593 1133 sonuit
613 1087 679 1131 non
701 1066 825 1132 evitata
847 1065 993 1131 sinistr0.

221 1172 305 1238 Inde
327 1175 418 1240 velut
440 1195 538 1240 muro
560 1175 733 1259 solidaque
754 1196 774 1239 a
795 1186 893 1241 caute
914 1175 1045 1259 repulsa
1068 1183 1127 1241 est.

222 1282 299 1367 Qua
317 1292 430 1347 tamen
448 1280 532 1349 ictus
548 1294 630 1361 erat,
650 1284 822 1367 signatum
839 1284 1003 1368 sanguine
1021 1282 1173 1369 Cycnum

220 1390 350 1456 viderat
370 1401 402 1458 et
423 1391 550 1458 frustra
572 1392 682 1459 fuerat
701 1393 840 1478 gavisus
860 1393 1026 1461 Achilles:

220 1501 343 1566 vulnus
363 1512 434 1567 erat
455 1502 596 1579 nullum,
618 1502 758 1587 sanguis
781 1502 846 1569 fuit
867 1503 921 1569 ille
943 1503 1130 1568 Menoetae.

220 1611 310 1678 Tum
332 1634 412 1679 vero
433 1634 591 1698 praeceps
612 1634 712 1679 curru
735 1611 974 1678 fremebundus
995 1612 1039 1677 ab
1059 1611 1128 1676 alto

220 1720 342 1798 desilit,
367 1731 400 1786 et
423 1721 531 1786 nitido
557 1742 710 1786 securum
728 1720 923 1813 'comminus
947 1720 1078 1785 hostem

220 1849 298 1892 ense
314 1838 441 1912 petens
462 1822 614 1913 parmam
635 1829 750 1913 gladio
770 1828 966 1913 galeamque
986 1826 1096 1893 cavari
1176 1828 1179 1833 ’

219 1937 335 2014 cernit,
356 1947 391 2003 at
411 1937 445 2002 in
465 1937 552 2004 duro
571 1938 657 2003 laedi
679 1958 813 2021 quoque
831 1957 970 2021 corpore
991 1936 1128 2001 ferrum.

267 2046 372 2112 Haud
391 2046 468 2113 tulit
488 2047 638 2125 ulteriuS,
659 2047 831 2131 clipeoque
849 2046 991 2111 adversa
1011 2044 1128 2110 retecti

219 2165 270 2220 ter
291 2165 408 2240 quater
430 2176 490 2221 ora
512 2156 576 2221 viri
599 2166 631 2221 et
652 2156 773 2240 capulo
795 2176 877 2221 cava
900 2165 1051 2239 tempora
1073 2152 1195 2240 pulsat,

219 2267 415 2351 cedentique
437 2288 578 2352 sequens
600 2266 703 2333 instat
725 2265 904 2349 turbatque
926 2264 1059 2348 ruitque

130 2360 132 2363 ¹
223 2375 433 2459 attonitoque
452 2387 554 2460 negat
572 2375 730 2459 requiem.
776 2375 888 2438 Pavor
906 2382 1045 2456 occupat
1064 2372 1168 2450 illum,

219 2494 297 2549 ante
318 2485 500 2569 oculosque
519 2495 637 2550 natant
657 2484 832 2560 tenebrae;
854 2493 1009 2566 retroque
1030 2480 1150 2547 ferenti

219 2613 356 2659 aversos
375 2615 495 2678 passus
515 2594 627 2660 medio
647 2593 731 2678 lapis
750 2592 881 2659 obstitit
900 2613 994 2657 arvo,

219 2701 331 2788 Quem
354 2724 453 2788 super
476 2703 657 2788 impulsum
680 2702 838 2786 resupino
859 2721 999 2787 corpore
1020 2698 1173 2786 Cycnum

220 2813 253 2877 vi
275 2812 381 2878 multa
404 2813 505 2879 vertit
526 2823 703 2897 terraeque
723 2811 858 2878 adflixit
880 2810 1038 2877 Achilles,

221 2920 311 2986 Turn
328 2922 434 3006 clipeo
453 2923 660 3006 genibusque
676 2942 831 3006 premens
848 2920 1043 3005 praecordia
1061 2919 1156 2985 duris

220 3029 329 3095 vincla
352 3031 455 3096 trahit
476 3032 613 3116 galeae:
635 3052 720 3115 quae
742 3051 858 3115 presso
880 3029 1014 3095 subdita
1036 3038 1150 3094 mento

221 3137 348 3204 elidunt
372 3138 495 3217 fauceS,
518 3149 551 3205 et
575 3139 780 3223 respiramen
805 3138 933 3222 iterque

221 3246 367 3330 eripiunt
389 3247 531 3313 animae.
577 3248 716 3314 Victum
738 3247 883 3332 spoliare
903 3247 1062 3332 parabat:

220 3375 315 3421 arma
336 3355 451 3421 relicta
473 3356 574 3423 videt.
623 3355 755 3440 Corpus
779 3357 860 3420 deus
883 3355 1038 3439 aequoris
1061 3355 1172 3421 albam

226 3464 367 3528 contulit
383 3463 417 3529 in
434 3465 615 3543 volucrem,
631 3464 727 3530 cuius
743 3464 846 3529 modo
862 3484 985 3528 nomen
999 3463 1151 3528 habebat.
