3042 4475
227 284 267 337 22
518 268 764 326 SELECTIONS
792 270 903 326 FROM
931 271 1031 326 OVID

229 462 261 519 et
277 452 430 539 glacialis
448 451 581 530 Hiems,
598 473 700 518 canos
715 452 846 517 hirsuta
862 452 1009 535 capillos.
1295 440 1385 565 ω)

230 560 314 629 Inde
337 562 411 628 loco
432 559 564 627 medius
586 581 698 627 rerum
719 561 872 627 novitate
892 571 1071 656 paventem

230 670 289 739 Sol
309 668 415 737 oculis
435 668 601 747 iuvenem,
622 668 742 753 quibus
762 668 905 753 adspicit
923 669 1049 747 omnia,
1070 668 1166 746 vidit,

229 776 348 866 ‘Quae
362 776 370 803 ’
386 798 451 862 que
465 777 473 805 ‘
487 777 562 844 viae
576 777 636 843 tibi
651 777 776 844 causa?
813 778 906 863 Quid
921 778 983 844 hae
997 778 1004 803 ’
1020 778 1068 844 ait
1083 778 1091 804 ‘
1105 799 1181 843 arce
1196 776 1320 861 petisti,

227 886 416 973 progenies,
440 884 630 965 Phaethon,
652 886 743 953 haud
765 885 941 952 infitianda
962 887 1139 971 parenti?'

275 996 335 1063 Ille
357 996 462 1062 refert
485 994 540 1062 ‘O
563 996 623 1060 lux
645 995 788 1061 inmensi
810 995 942 1083 publica
963 996 1092 1074 mundi,
1296 1011 1322 1053 ³⁵

229 1102 364 1171 Phoebe
384 1110 488 1190 pater,
511 1103 538 1170 si
560 1103 621 1169 das
640 1124 740 1170 usum
761 1104 844 1169 milri
865 1104 1012 1170 nominis
1033 1105 1142 1183 huius,

227 1232 290 1279 nec
311 1210 397 1278 lalsa
416 1210 580 1299 Clymene
597 1213 730 1297 culpam
750 1212 812 1279 sub
830 1212 979 1298 imagine
997 1214 1094 1291 celat,

227 1318 368 1407 pignera
386 1321 440 1401 da,
460 1320 604 1407 genitor,
624 1342 684 1407 per
702 1342 789 1406 quae
806 1330 865 1387 tua
884 1343 963 1387 vera
983 1343 1136 1407 propago

227 1431 358 1510 credar,
379 1440 412 1498 et
431 1429 521 1498 hunc
541 1430 664 1496 animis
683 1452 835 1497 errorem
854 1431 995 1497 detrahe
1014 1430 1161 1497 nostris.'

274 1539 437 1607 Dixerat:
455 1550 492 1607 at
509 1540 644 1627 genitor
662 1540 788 1607 circum
807 1552 906 1626 caput
924 1563 1024 1607 omne
1041 1541 1203 1606 micantes
1296 1554 1322 1597 40

228 1648 383 1735 deposuit
406 1648 529 1727 radios,
553 1649 757 1734 propiusque
779 1650 935 1715 accedere
957 1649 1071 1727 iussit;

111 1846 114 1861 ,
228 1758 453 1844 amplexuque
471 1758 551 1825 dato
570 1757 578 1785 ‘
594 1759 667 1824 Nec
685 1768 720 1823 tu
740 1779 835 1824 meus
854 1780 925 1825 esse
944 1758 1060 1843 negari

228 1866 353 1953 dignus
373 1887 420 1945 eS,
441 1876 473 1934 et
494 1865 657 1953 Clymene
676 1887 775 1933 veros
789 1866 797 1893 '
813 1867 865 1933 ait
886 1866 1014 1933 ‘edidit
1034 1865 1138 1933 ortus.

227 1975 374 2062 Quoque
390 1975 504 2043 minus
522 1976 664 2056 dubites,
683 1958 827 2061 quodvis
845 1987 921 2063 pete
939 1997 1072 2054 munus,
1089 1987 1128 2041 ut
1146 1976 1229 2041 illud

227 2106 282 2153 me
300 2084 469 2153 tribuente
492 2084 594 2152 ieras.
641 2085 824 2152 Promissis
843 2084 938 2151 testis
957 2085 1075 2150 adesto
1296 2099 1323 2141 4⁵

228 2194 281 2263 dis
304 2194 446 2263 iuranda
468 2194 575 2281 palus,
598 2193 705 2262 oculis
728 2194 901 2281 incognita
923 2193 1070 2260 nostris’

275 2303 347 2371 Vix
369 2305 453 2372 bene
474 2304 629 2383 desierat,
653 2324 772 2370 currus
794 2313 894 2388 rogat
917 2304 971 2369 ille
994 2313 1162 2388 paternos,

229 2411 331 2498 inque
350 2412 440 2479 diem
459 2412 632 2498 alipedum
652 2413 705 2479 ius
724 2423 756 2479 et
775 2413 992 2478 moderamen
1012 2433 1185 2496 equorum.

277 2521 449 2590 Paenituit
470 2521 598 2589 iurasse
618 2531 758 2607 patrem.
803 2521 872 2606 Qui
891 2531 1007 2605 terque
1026 2532 1210 2605 quaterque

228 2630 422 2699 concutiens
443 2630 584 2698 inlustre
603 2639 703 2715 caput
724 2630 963 2695 ‘Temeraria'
986 2630 1073 2695 dixit
1297 2645 1326 2687 so

229 2739 321 2806 ‘vox
342 2759 416 2806 mea
439 2737 528 2805 lacta
549 2749 607 2806 tua
628 2748 688 2805 est.
735 2738 878 2808 Utinam
898 2738 1064 2822 promissa
1085 2739 1199 2803 liceret

230 2868 298 2912 non
318 2845 417 2914 darei
462 2845 644 2925 Confiteor,
667 2846 777 2912 solum
799 2846 862 2913 hoc
882 2846 952 2924 tibi,
975 2856 1063 2918 nate.
1085 2867 1254 2930 negarem.

231 2955 435 3023 Dissuadere
457 2955 544 3022 licet.
593 2955 673 3021 Non
696 2965 748 3023 est
770 2966 830 3022 tua
851 2964 925 3021 tuta
946 2956 1114 3021 voluntas.

231 3065 362 3151 Magna
381 3065 477 3151 petis,
498 3064 689 3141 Phaethon,
708 3073 741 3131 et
759 3085 847 3148 quae
866 3085 927 3129 nec
946 3063 1074 3130 viribus
1091 3064 1166 3129 istis

229 3193 371 3240 munera
390 3175 594 3241 conveniant
615 3195 676 3240 nec
695 3185 767 3240 tam
786 3173 968 3258 puerilibus
987 3173 1095 3239 annis.
1296 3188 1327 3231 ⁵⁵

230 3281 314 3350 Sors
333 3293 392 3350 tua
412 3283 577 3356 mortalis,
598 3303 668 3349 non
688 3293 738 3349 est
758 3282 902 3349 mortale
920 3283 1012 3367 quod
1031 3293 1139 3366 optas.

232 3389 313 3459 Plus
334 3391 448 3467 etiam,
471 3413 575 3477 quam
597 3391 689 3476 quod
711 3390 845 3475 superis
866 3390 1066 3475 contingere
1089 3390 1207 3475 possit,

229 3499 363 3568 nescius
382 3499 546 3568 adfectas.
594 3499 729 3566 Placent
750 3497 813 3564 sibi
834 3498 975 3584 quisque
994 3498 1117 3571 licebit,

230 3621 434 3678 nontamen
460 3609 609 3696 ignifero
630 3608 810 3694 quisquam
833 3608 1015 3674 consistere
1038 3608 1073 3672 in
1097 3630 1163 3672 axe

230 3740 286 3788 rue
306 3721 394 3789 rnlet
411 3731 565 3805 excepto.
610 3717 710 3784 Vasti
729 3737 863 3801 qnoque
881 3727 994 3782 rector
1011 3716 1163 3800 Olimpi.
1298 3732 1331 3775 en

230 3827 287 3914 qui
310 3827 383 3896 iera
403 3827 546 3896 terribili
568 3827 736 3892 inculatur
757 3823 900 3890 fulmina
920 3825 1052 3894 dextra.
