3042 4475
500 238 583 291 THE
610 236 971 293 METAMORPHOSES
1243 247 1286 311 49

186 418 308 503 Saepe,
333 419 391 485 ubi
414 420 635 486 constiterant
657 420 735 485 hinc
757 418 894 495 Thisbe,
920 418 1086 502 Pyramus
1102 406 1212 486 illinc,

186 530 290 613 inque
308 529 401 594 vices
423 528 536 595 luerat
555 539 708 613 captatus
727 527 896 593 anhelitus
915 526 995 603 oris,

187 637 354 704 ‘Invide'
376 637 530 704 dicebant
551 637 694 722 ‘paries
715 636 802 721 quid
818 635 1010 701 amantibus
1031 632 1168 721 obstas?
1257 641 1282 689 π
1353 663 1360 675 ·

185 746 259 812 Nec
280 766 397 812 sumus
419 746 562 831 ingrati:
583 746 644 812 tibi
657 767 727 811 nos
748 745 869 811 debere
890 743 1047 819 latemur,
1113 734 1116 739 ’
1256 754 1281 797 ⁷⁶

185 855 279 938 quod
300 855 401 920 datus
422 865 472 921 est
494 854 604 920 verbis
626 854 668 919 ad
691 854 817 919 amicas
839 852 1002 918 transitus
1024 847 1144 916 aures.'

232 963 332 1029 Talia
354 964 490 1029 diversa
512 963 716 1048 nequiquam
739 962 818 1029 sede
839 960 945 1041 locuti„

184 1074 249 1139 sub
266 1083 403 1139 noctem
422 1074 539 1140 dixere
559 1068 817 1158 valelpartique
836 1071 958 1137 dedere
980 1122 984 1127 .

183 1183 303 1247 oscula
318 1173 459 1267 quisque
477 1203 557 1248 suae
573 1204 642 1275 non
660 1179 889 1266 pervenientia
906 1187 1052 1259 contra,

233 1292 375 1357 Postera
394 1302 578 1357 nocturnos
595 1312 720 1357 aurora
740 1299 933 1356 removerat
951 1288 1058 1373 ignes,

184 1400 302 1485 solque
320 1400 500 1485 pruinosas
519 1400 622 1466 radiis
641 1400 825 1466 siccaverat
842 1398 982 1464 herbas:

184 1511 229 1575 ad
249 1510 387 1575 solitum
406 1512 515 1576 coiere
536 1509 656 1575 locum.
700 1508 791 1574 Turn
810 1528 983 1574 murmure
1001 1526 1107 1591 parvo

182 1620 291 1685 multa
312 1619 406 1704 prius
427 1618 550 1703 questi,
573 1628 737 1695 statuunt,
760 1628 797 1684 ut
819 1627 918 1683 nocte
939 1615 1049 1682 silenti

184 1729 302 1793 fallere
321 1727 478 1793 custodes
499 1726 697 1813 foribusque
714 1727 876 1793 excedere
895 1734 1069 1809 temptent,

183 1860 327 1922 cumque
345 1837 447 1903 domo
464 1836 621 1915 exierint,
637 1836 731 1902 urbis
747 1857 881 1920 quoque
897 1845 984 1901 tecta
1002 1834 1213 1919 relinquant;

182 1969 267 2013 neve
286 1946 330 2012 sit
349 1946 531 2012 errandum
550 1946 619 2012 lato
638 1945 861 2030 spatiantibus
879 1965 973 2023 arvo,

183 2055 387 2120 conveniant
408 2055 451 2120 ad
472 2054 568 2120 busta
592 2054 685 2131 Nini,
708 2055 899 2137 lateantque
921 2053 982 2118 sub
1002 2052 1121 2117 umbra
1143 2038 1156 2059 ”

185 2162 326 2227 arboris
375 2160 489 2227 Arbor
511 2161 555 2227 ibi
579 2162 686 2227 niveis
708 2162 878 2228 uberrima
900 2162 1009 2247 pomis

185 2271 292 2336 ardua
311 2292 429 2337 morus
449 2281 530 2349 erat,
552 2271 665 2355 gelido
684 2271 892 2337 contermina
914 2271 1011 2337 fonti.

184 2381 289 2446 Pacta
310 2381 452 2465 placent.
498 2380 543 2446 Et
563 2380 633 2459 lux,
653 2357 766 2447 tard(
772 2381 945 2446 discedere
963 2381 1047 2458 visa,

183 2488 425 2573 praecipitatur
443 2489 550 2573 aquis,
568 2499 602 2555 et
619 2489 715 2574 aquis
734 2511 806 2555 nox
824 2490 895 2556 exit
913 2489 957 2555 ab
975 2489 1096 2564 isdem,

230 2597 364 2664 Callida
385 2619 446 2683 per
465 2600 620 2664 tenebras
640 2609 774 2665 versato
794 2599 931 2665 cardine
951 2598 1079 2666 Thisbe

183 2709 360 2793 egreditur
379 2707 534 2792 fallitque
552 2730 642 2787 suoS,
660 2709 889 2793 adopertaque
907 2709 1039 2775 vultum

182 2816 335 2899 pervenit
355 2816 399 2881 ad
419 2817 597 2895 tumulum,
619 2817 775 2903 dictaque
796 2818 858 2884 sub
878 2818 997 2884 arbore
1018 2803 1122 2884 sedit

184 2924 363 2991 Audacem
386 2924 531 2992 faciebat
551 2948 656 2992 amor.
703 2927 809 2995 Venit
829 2948 905 2993 ecce
924 2927 1051 2994 recenti

183 3035 285 3100 caede
305 3035 424 3100 leaena
443 3035 545 3100 boum
565 3046 760 3119 spumantes
779 3036 883 3102 oblita
903 3036 1017 3116 rictus

184 3144 379 3228 depositura
404 3143 495 3208 sitim
518 3144 619 3210 vicini
645 3144 750 3210 fontis
774 3146 809 3210 in
833 3146 934 3211 unda.

183 3253 295 3337 Quam
316 3253 434 3338 procul
454 3254 497 3319 ad
517 3254 617 3320 lunae
635 3254 748 3321 radios
770 3255 957 3340 Babylonia
976 3254 1103 3321 Thisbe

185 3361 277 3439 vidit,
299 3372 332 3427 et
352 3360 534 3426 obscurum
555 3362 675 3427 timido
694 3364 778 3446 pede
799 3364 889 3447 fugit
911 3364 944 3428 in
965 3373 1110 3440 antrum,
1242 3379 1280 3421 100

184 3469 332 3554 dumque
355 3468 456 3554 fugit,
478 3479 576 3556 tergo
597 3472 765 3538 velamina
788 3473 882 3556 lapsa
903 3472 1046 3556 reliquit.

185 3577 233 3644 Ut
254 3580 309 3644 lea
333 3599 435 3643 saeva
457 3579 549 3645 sitim
570 3581 677 3646 multa
699 3581 903 3665 compescuit
925 3581 1028 3660 unda,

184 3687 263 3753 dum
287 3687 380 3754 redit
406 3688 441 3750 in
467 3688 580 3766 silvas
606 3689 761 3755 inventos
788 3689 876 3755 forte
901 3690 973 3754 sine
997 3689 1070 3773 ipsa

182 3820 240 3865 ore
262 3807 444 3864 cruentato
467 3808 587 3863 tenues
612 3798 752 3864 laniavit
777 3799 928 3865 amictus.
