3042 4475
515 288 600 342 THE
627 286 987 344 METAMORPHOSES

203 467 369 535 ruricolae
388 489 504 553 cepere
525 469 689 555 Phryges,
709 469 925 553 vinctumque
945 468 1078 536 coronis

203 577 247 641 ad
270 598 385 661 regem
408 577 536 643 duxere
558 578 691 656 Midan,
713 577 767 643 cui
791 578 958 645 Thracius
981 577 1138 663 Orpheus

203 686 301 772 orgia
324 679 512 753 tradiderat
534 708 611 753 cum
633 686 798 771 Cecropio
822 688 1000 773 Eumolpo.

203 795 273 880 Qui
296 795 397 861 simul
418 795 560 881 agnovit
581 796 710 862 socium
730 796 955 881 comitemque
976 816 1160 872 sacrorum,

204 903 347 988 hospitis
369 904 516 970 adventu
540 904 665 970 festum
688 904 865 990 genialiter
887 904 957 990 egit

204 1035 263 1098 per
281 1014 333 1080 bis
353 1014 501 1099 quinque
519 1014 591 1080 dies
610 1025 642 1080 et
661 1014 794 1080 iunctas
814 1013 932 1081 ordine
952 1022 1075 1080 noctes.
1162 1032 1166 1039 ·

205 1123 339 1188 Etiam
362 1123 535 1189 stellarum
557 1123 700 1191 sublime
720 1126 880 1209 coegerat
902 1144 1026 1209 agmen

204 1230 343 1297 Lucifer
364 1233 573 1311 undecimus,
595 1232 711 1317 Lydos
732 1254 810 1300 cum
832 1233 938 1299 laetus
961 1232 994 1297 in
1016 1252 1119 1317 agros

205 1362 266 1405 rex
286 1341 388 1419 venit,
409 1352 442 1409 et
463 1341 576 1408 iuveni
600 1341 752 1409 Silenum
777 1341 887 1408 reddit
907 1340 1053 1408 alumno

251 1448 343 1515 Huic
362 1449 445 1514 deus
463 1450 602 1533 optandi
622 1460 771 1535 gratum,
792 1450 850 1517 sed
870 1450 997 1529 inutile,
1019 1448 1099 1515 fecit

202 1558 352 1624 muneris
373 1558 561 1637 arbitrium,
583 1560 737 1645 gaudens
758 1560 866 1627 altore
886 1569 1028 1642 recepto,

205 1667 266 1731 Ille
290 1667 376 1733 male
398 1688 522 1733 usurus
546 1668 645 1734 donis
669 1668 716 1734 ait
741 1668 879 1747 ‘Effice
904 1667 1068 1752 quidquid

202 1797 343 1860 corpore
363 1776 539 1860 contigero
562 1775 695 1842 fulvum
717 1787 870 1843 vertatur
891 1776 925 1842 in
947 1774 1091 1843 aurum’

201 1885 334 1951 Adnuit
354 1885 490 1969 optatis,
511 1886 729 1971 nocituraque
749 1907 890 1952 munera
911 1886 1010 1952 solvit

202 1990 313 2070 Liber,
335 2003 368 2058 et
390 1992 544 2071 indoluit,
566 1993 657 2077 quod
677 2015 746 2059 non
767 1994 908 2059 meliora
928 1993 1075 2078 petisset.

248 2100 373 2166 Laetus
395 2100 465 2167 abit
486 2102 677 2186 gaudetque
697 2103 788 2168 malo
812 2103 1030 2189 Berecyntius
1051 2104 1161 2181 heros,

201 2209 408 2295 pollicitique
428 2207 529 2277 fidem
549 2212 722 2298 tangendo
743 2212 877 2298 singula
897 2221 1048 2297 temptat.

202 2319 339 2404 Vixque
360 2320 423 2386 sibi
444 2321 585 2387 credens
605 2343 674 2387 non
694 2321 764 2387 alta
786 2321 907 2389 fronde
928 2321 1092 2388 virentem

203 2429 276 2496 ilice
297 2429 446 2496 detraxit
468 2429 620 2516 virgam:
643 2430 741 2516 virga
764 2451 867 2497 aurea
891 2430 983 2497 facta
1004 2439 1064 2497 est.

201 2537 306 2603 Tollit
325 2537 430 2603 humo
451 2558 591 2603 saxum:
613 2559 735 2604 saxum
756 2558 889 2623 quoque
909 2539 1026 2622 palluit
1047 2559 1140 2604 auru.

202 2646 356 2732 Contigit
377 2657 410 2713 et
431 2647 604 2732 glaebam:
625 2657 782 2714 contactu
804 2647 923 2734 glaeba
945 2647 1072 2731 potenti

201 2777 313 2832 massa
333 2754 380 2822 fit.
425 2755 571 2821 Arentes
592 2755 725 2822 Cereris
746 2755 910 2840 decerpsit
932 2756 1073 2822 aristas:

201 2886 304 2931 aurea
325 2864 448 2931 messis
468 2876 549 2932 erat.
594 2865 780 2950 Demptum
800 2875 890 2932 tenet
905 2865 1030 2932 ¹arbore
1050 2886 1207 2951 pomum:

202 2973 411 3058 Hesperidas
430 2973 575 3040 donasse
593 2984 699 3059 putes.
745 2973 782 3040 Si
802 2974 954 3058 postibus
973 2973 1049 3039 altis

201 3083 353 3149 admovit
373 3081 511 3167 digitos,
532 3092 645 3166 postes
666 3082 799 3149 radiare
818 3082 986 3154 videntur,

203 3192 263 3258 Ille
283 3191 385 3258 etiam
406 3191 543 3276 liquidis
563 3191 692 3276 palmas
713 3192 769 3259 ubi
792 3192 919 3258 laverat
940 3191 1050 3271 undis,

202 3301 292 3367 unda
314 3300 422 3366 fluens
443 3300 565 3384 palmis
586 3301 732 3366 Danaen
753 3301 888 3367 eludere
907 3311 1028 3385 posset.

204 3410 275 3476 Vix
296 3431 371 3494 spes
388 3410 460 3495 ipse
479 3430 557 3474 suas
576 3409 692 3474 animo
708 3410 808 3494 capit,
828 3432 929 3477 aurea
947 3411 1079 3496 fingens

202 3518 324 3583 omnia.
371 3517 541 3585 Gaudenti
562 3539 696 3584 mensas
716 3540 858 3605 posuere
878 3519 1024 3585 ministri

203 3634 391 3692 exstructas
414 3626 556 3710 dapibus
579 3648 639 3693 nec
661 3637 771 3694 tostae
794 3627 905 3713 frugis
927 3639 1073 3712 egentes.

247 3734 338 3802 Tum
361 3757 452 3813 vero,
477 3734 548 3801 sive
570 3735 625 3803 ille
647 3758 707 3802 sua
730 3736 881 3803 Cerealia
904 3738 1024 3803 dextra

203 3865 341 3910 munera
360 3844 560 3928 contigerat,
581 3843 733 3911 Cerealia
753 3847 842 3912 dona
862 3846 1026 3932 rigebant,
