3042 4475
219 284 261 347 62
512 281 757 338 SELECTIONS
787 281 897 336 FROM
925 281 1025 336 OVID

224 463 317 529 Silva
338 476 478 531 coronat
497 484 603 548 aquas
622 461 871 547 cingens‘latus
890 482 1002 538 omne,
1023 461 1157 545 suisque

224 573 403 640 frondibus
423 585 461 640 ut
481 573 556 639 velo
578 571 756 637 Phoebeos
777 571 953 636 submovet
974 569 1068 635 ictus.

225 684 370 767 Frigora
391 683 474 748 dant
495 681 592 759 rami,
616 678 740 764 Tyrios
762 679 885 744 humus
906 677 1023 743 umida
1045 677 1163 743 flores:
1278 692 1316 735 ³9⁰

222 800 421 880 perpetuum
443 814 502 859 ver
523 803 582 859 est.
629 791 709 876 Quo
730 790 812 857 dum
836 790 1039 873 Proserpina
1061 791 1137 855 luco

224 904 318 981 ludit,
343 914 376 969 et
398 914 456 969 aut
480 902 586 967 violas
609 911 667 965 aut
689 899 833 966 candida
857 898 926 964 lilia
948 898 1065 983 carpit,

222 1016 371 1101 dumque
390 1015 530 1101 puellari
551 1016 664 1082 studio
683 1016 899 1100 calathosque
918 1016 1096 1099 sinumque

223 1125 348 1209 implet,
372 1135 404 1190 et
426 1125 580 1208 aequales
603 1135 708 1191 certat
731 1146 889 1209 superare
911 1124 1064 1209 legend0,

222 1254 327 1317 paene
344 1233 443 1299 simul
462 1233 536 1299 visa
553 1245 603 1300 est
621 1232 808 1319 dilectaque
827 1243 988 1317 raptaque
1007 1232 1098 1298 Diti:
1277 1245 1315 1287 ³⁹5

222 1362 329 1426 usque
347 1344 432 1409 adeo
451 1354 501 1410 est
518 1354 719 1429 properatus
737 1364 843 1408 amor.
886 1342 962 1409 Dea
979 1342 1096 1408 territa
1115 1348 1246 1406 maesto

221 1462 254 1517 et
274 1463 418 1519 matrem
439 1464 471 1520 et
493 1454 643 1531 comites,
666 1454 724 1520 sed
745 1465 889 1520 matrem
911 1452 1056 1536 saepius
1078 1472 1137 1516 ore

222 1561 362 1639 clamat;
381 1573 425 1640 et,
445 1573 482 1629 ut
501 1584 633 1629 summa
652 1573 781 1630 vestem
801 1561 945 1628 laniarat
963 1561 1007 1627 ab
1024 1581 1096 1639 ora,

222 1672 361 1737 conlecti
388 1672 489 1738 flores
513 1672 637 1738 tunicis
660 1672 810 1739 cecidere
835 1669 993 1737 remissis.

221 1780 400 1865 Tantaque
418 1781 615 1865 simplicitas
634 1780 817 1865 puerilibus
836 1779 947 1846 adfuit
967 1778 1074 1857 annis,
1277 1788 1316 1833 ⁴⁰0

221 1891 304 1956 haec
325 1912 458 1974 quoque
480 1890 671 1975 virgineum
692 1890 800 1956 movit
821 1888 950 1955 iactura
971 1888 1130 1953 dolorem.

224 1999 353 2083 Raptor
375 1998 447 2084 agit
470 2002 598 2077 currus,
623 2007 656 2064 et
679 1998 815 2064 nomine
837 2018 1003 2083 quemque
1026 1994 1178 2061 vocando
1216 2038 1219 2045 ·

222 2107 422 2173 exhortatur
442 2129 558 2192 equos,
579 2128 723 2192 quorum
743 2128 802 2191 per
821 2106 907 2173 colla
928 2106 1090 2189 iubasque

223 2216 352 2283 excutit
375 2216 517 2283 obscura
539 2216 662 2283 tinctas
685 2215 860 2305 ferrugine
882 2215 1045 2293 habenas,
1143 2298 1147 2308 ,

221 2346 345 2410 perque
362 2327 453 2391 lacus
471 2326 557 2392 altos
575 2337 607 2392 et
624 2325 749 2392 olentia
767 2324 926 2410 sulphure
946 2324 1054 2390 fertur
1277 2335 1316 2380 40⁵

116 2471 121 2478 ·
169 2486 174 2493 .
222 2445 345 2520 stagna
369 2434 573 2513 Palicorum,
595 2445 694 2520 rupta
717 2433 883 2500 ferventia
903 2444 1004 2511 terra,
1190 2428 1192 2432 ’

222 2555 253 2610 et
276 2567 342 2628 qua
365 2543 588 2623 Bacchiadae,
608 2543 730 2612 bimari
752 2565 837 2631 gens
858 2554 933 2610 orta
955 2542 1131 2621 Corinth0,

222 2653 313 2719 inter
335 2652 526 2737 inaequales
548 2664 736 2737 posuerunt
757 2651 894 2717 moenia
916 2661 1043 2736 portus

269 2763 331 2827 Est
349 2762 499 2828 medium
517 2761 652 2846 Cyanes
670 2772 702 2827 et
721 2761 861 2826 Pisaeae
879 2760 1079 2838 Arethusae,

221 2873 312 2956 quod
331 2871 399 2937 coit
418 2870 573 2955 angustis
593 2870 758 2936 inclusum
778 2868 935 2934 cornibus
956 2889 1090 2954 aequor.
1277 2881 1316 2924 41⁰

224 2982 292 3047 Hic
312 2980 387 3058 luit,
407 3002 425 3045 a
444 2980 539 3046 cuius
558 2989 717 3064 stagnum
736 2999 869 3063 quoque
887 2977 1025 3043 nomine
1045 2977 1250 3054 dictumest,

223 3091 312 3157 inter
332 3090 499 3156 Sicelidas
520 3088 635 3173 Cyane
654 3087 872 3154 celeberrima
892 3087 1067 3171 nymphas.

223 3199 367 3283 Gurgite
391 3219 477 3281 quae
499 3197 610 3262 medio
634 3218 766 3262 summa
790 3205 887 3262 tenus
911 3195 1042 3260 exstitit
1066 3195 1154 3272 alvo

223 3307 431 3392 agnovitque
456 3306 562 3371 deam.
614 3304 710 3370 ‘Nec
735 3304 871 3389 longius
898 3302 1028 3369 ibitisl’
1055 3302 1174 3387 inquit,

224 3415 314 3480 ‘non
333 3424 429 3499 potes
449 3413 574 3479 invitae
594 3412 727 3479 Cereris
746 3433 850 3499 gener
868 3433 959 3478 esse:
980 3412 1142 3496 roganda,
1279 3426 1318 3470 415

222 3546 290 3591 non
313 3523 473 3609 rapienda
497 3523 572 3588 fuit.
619 3521 751 3608 Quodsi
774 3543 976 3606 componere
997 3521 1134 3606 magnis

223 3654 328 3717 parva
352 3632 435 3698 mihi
461 3631 513 3697 fas
535 3642 595 3710 est,
619 3641 651 3698 et
673 3653 727 3697 me
749 3621 869 3697 dilexit
892 3629 1041 3715 Anapis:

224 3751 364 3808 exorata
387 3752 509 3818 tamen,
534 3762 603 3818 nec,
627 3751 664 3806 ut
687 3739 779 3817 haec,
804 3739 966 3805 exterrita
988 3737 1109 3822 nupsi.’

224 3848 333 3929 Dixit,
355 3858 387 3917 et
409 3849 444 3914 in
465 3859 577 3936 partes
598 3848 749 3915 diversas
772 3847 925 3914 bracchia
947 3847 1087 3917 tendens
1200 3865 1202 3874 ’
