<?xml version="1.0" encoding="UTF-8"?>
<!DOCTYPE html PUBLIC "-//W3C//DTD XHTML 1.0 Transitional//EN"
    "http://www.w3.org/TR/xhtml1/DTD/xhtml1-transitional.dtd">
<html xmlns="http://www.w3.org/1999/xhtml" xml:lang="en" lang="en">
 <head>
  <title>
</title>
<meta http-equiv="Content-Type" content="text/html;charset=utf-8" />
  <meta name='ocr-system' content='tesseract 3.04.00' />
  <meta name='ocr-capabilities' content='ocr_page ocr_carea ocr_par ocr_line ocrx_word'/>
</head>
<body>
  <div class='ocr_page' id='page_1' title='image "./selectionsfromo01ovidgoog_0171.png"; bbox 0 0 3042 4475; ppageno 0'>
   <div class='ocr_carea' id='block_1_1' title="bbox 537 272 1008 329">
    <p class='ocr_par' dir='ltr' id='par_1_1' title="bbox 537 272 1008 329">
     <span class='ocr_line' id='line_1_1' title="bbox 537 272 1008 329; baseline 0.008 -4"><span class='ocrx_word' id='word_1_1' title='bbox 537 272 620 326; x_wconf 88' lang='lat' dir='ltr'>THE</span> <span class='ocrx_word' id='word_1_2' title='bbox 647 273 1008 329; x_wconf 88' lang='lat' dir='ltr'>METAMORPHOSES</span> 
     </span>
    </p>
   </div>
   <div class='ocr_carea' id='block_1_2' title="bbox 219 453 1317 3924">
    <p class='ocr_par' dir='ltr' id='par_1_2' title="bbox 224 453 1145 647">
     <span class='ocr_line' id='line_1_2' title="bbox 225 453 1145 540; baseline 0.004 -23"><span class='ocrx_word' id='word_1_3' title='bbox 225 474 358 518; x_wconf 89' lang='lat' dir='ltr'>summa</span> <span class='ocrx_word' id='word_1_4' title='bbox 378 453 458 518; x_wconf 89' lang='lat' dir='ltr'>mali</span> <span class='ocrx_word' id='word_1_5' title='bbox 477 465 558 519; x_wconf 89' lang='lat' dir='ltr'>nota</span> <span class='ocrx_word' id='word_1_6' title='bbox 576 464 644 520; x_wconf 89' lang='lat' dir='ltr'>est:</span> <span class='ocrx_word' id='word_1_7' title='bbox 662 475 789 538; x_wconf 90' lang='lat' dir='ltr'>pennas</span> <span class='ocrx_word' id='word_1_8' title='bbox 808 476 981 539; x_wconf 87' lang='lat' dir='ltr'>sumpsere</span> <span class='ocrx_word' id='word_1_9' title='bbox 1000 466 1145 540; x_wconf 88' lang='lat' dir='ltr'>tuaeque</span> 
     </span>
     <span class='ocr_line' id='line_1_3' title="bbox 224 562 1110 647; baseline 0.002 -20"><span class='ocrx_word' id='word_1_10' title='bbox 224 562 380 647; x_wconf 87' lang='lat' dir='ltr'>coniugis</span> <span class='ocrx_word' id='word_1_11' title='bbox 403 562 437 625; x_wconf 93' lang='lat' dir='ltr'>in</span> <span class='ocrx_word' id='word_1_12' title='bbox 460 563 622 640; x_wconf 91' lang='lat' dir='ltr'>volucres,</span> <span class='ocrx_word' id='word_1_13' title='bbox 644 562 762 628; x_wconf 90' lang='lat' dir='ltr'>niveas</span> <span class='ocrx_word' id='word_1_14' title='bbox 784 564 895 629; x_wconf 90' lang='lat' dir='ltr'>abiere</span> <span class='ocrx_word' id='word_1_15' title='bbox 916 563 1110 631; x_wconf 64' lang='lat' dir='ltr'>columbas5</span> 
     </span>
    </p>

    <p class='ocr_par' dir='ltr' id='par_1_3' title="bbox 223 670 1317 1519">
     <span class='ocr_line' id='line_1_4' title="bbox 273 670 1097 755; baseline 0.005 -21"><span class='ocrx_word' id='word_1_16' title='bbox 273 670 413 736; x_wconf 86' lang='lat' dir='ltr'>Talibus</span> <span class='ocrx_word' id='word_1_17' title='bbox 428 680 530 754; x_wconf 91' lang='lat' dir='ltr'>atque</span> <span class='ocrx_word' id='word_1_18' title='bbox 542 670 618 736; x_wconf 92' lang='lat' dir='ltr'>aliis</span> <span class='ocrx_word' id='word_1_19' title='bbox 633 681 813 755; x_wconf 86' lang='lat' dir='ltr'>postquam</span> <span class='ocrx_word' id='word_1_20' title='bbox 829 672 984 737; x_wconf 91' lang='lat' dir='ltr'>convivia</span> <span class='ocrx_word' id='word_1_21' title='bbox 998 672 1097 739; x_wconf 91' lang='lat' dir='ltr'>dictis</span> 
     </span>
     <span class='ocr_line' id='line_1_5' title="bbox 226 779 1031 865; baseline 0.005 -22"><span class='ocrx_word' id='word_1_22' title='bbox 226 779 416 863; x_wconf 90' lang='lat' dir='ltr'>implerunt,</span> <span class='ocrx_word' id='word_1_23' title='bbox 437 800 554 845; x_wconf 90' lang='lat' dir='ltr'>mensa</span> <span class='ocrx_word' id='word_1_24' title='bbox 572 801 729 845; x_wconf 91' lang='lat' dir='ltr'>somnum</span> <span class='ocrx_word' id='word_1_25' title='bbox 748 780 873 865; x_wconf 92' lang='lat' dir='ltr'>petiere</span> <span class='ocrx_word' id='word_1_26' title='bbox 893 792 1031 860; x_wconf 89' lang='lat' dir='ltr'>remota,</span> 
     </span>
     <span class='ocr_line' id='line_1_6' title="bbox 225 888 1138 974; baseline 0.002 -20"><span class='ocrx_word' id='word_1_27' title='bbox 225 910 368 974; x_wconf 89' lang='lat' dir='ltr'>cumque</span> <span class='ocrx_word' id='word_1_28' title='bbox 387 889 442 955; x_wconf 93' lang='lat' dir='ltr'>die</span> <span class='ocrx_word' id='word_1_29' title='bbox 460 898 605 974; x_wconf 86' lang='lat' dir='ltr'>surgunt</span> <span class='ocrx_word' id='word_1_30' title='bbox 625 888 817 973; x_wconf 87' lang='lat' dir='ltr'>adeuntque</span> <span class='ocrx_word' id='word_1_31' title='bbox 835 890 971 956; x_wconf 89' lang='lat' dir='ltr'>oracula</span> <span class='ocrx_word' id='word_1_32' title='bbox 994 890 1138 957; x_wconf 84' lang='lat' dir='ltr'>Phoebi:</span> 
     </span>
     <span class='ocr_line' id='line_1_7' title="bbox 223 998 1153 1085; baseline 0.003 -23"><span class='ocrx_word' id='word_1_33' title='bbox 223 999 281 1083; x_wconf 95' lang='lat' dir='ltr'>qui</span> <span class='ocrx_word' id='word_1_34' title='bbox 308 1008 423 1084; x_wconf 90' lang='lat' dir='ltr'>petere</span> <span class='ocrx_word' id='word_1_35' title='bbox 448 998 623 1082; x_wconf 89' lang='lat' dir='ltr'>antiquam</span> <span class='ocrx_word' id='word_1_36' title='bbox 648 1008 793 1064; x_wconf 91' lang='lat' dir='ltr'>matrem</span> <span class='ocrx_word' id='word_1_37' title='bbox 819 1009 1030 1085; x_wconf 87' lang='lat' dir='ltr'>cognataque</span> <span class='ocrx_word' id='word_1_38' title='bbox 1057 999 1153 1065; x_wconf 89' lang='lat' dir='ltr'>iussit</span> 
     </span>
     <span class='ocr_line' id='line_1_8' title="bbox 224 1107 1091 1191; baseline 0.001 -20"><span class='ocrx_word' id='word_1_39' title='bbox 224 1107 334 1173; x_wconf 90' lang='lat' dir='ltr'>litora.</span> <span class='ocrx_word' id='word_1_40' title='bbox 382 1107 603 1191; x_wconf 88' lang='lat' dir='ltr'>Prosequitur</span> <span class='ocrx_word' id='word_1_41' title='bbox 624 1128 685 1173; x_wconf 90' lang='lat' dir='ltr'>rex</span> <span class='ocrx_word' id='word_1_42' title='bbox 706 1117 739 1173; x_wconf 89' lang='lat' dir='ltr'>et</span> <span class='ocrx_word' id='word_1_43' title='bbox 760 1108 818 1173; x_wconf 90' lang='lat' dir='ltr'>dat</span> <span class='ocrx_word' id='word_1_44' title='bbox 840 1129 963 1173; x_wconf 94' lang='lat' dir='ltr'>munus</span> <span class='ocrx_word' id='word_1_45' title='bbox 984 1107 1091 1185; x_wconf 90' lang='lat' dir='ltr'>ituris,</span> 
     </span>
     <span class='ocr_line' id='line_1_9' title="bbox 226 1216 1317 1302; baseline -0.001 -21"><span class='ocrx_word' id='word_1_46' title='bbox 226 1216 395 1282; x_wconf 88' lang='lat' dir='ltr'>Anchisae</span> <span class='ocrx_word' id='word_1_47' title='bbox 412 1227 591 1301; x_wconf 87' lang='lat' dir='ltr'>sceptrum,</span> <span class='ocrx_word' id='word_1_48' title='bbox 610 1216 821 1302; x_wconf 88' lang='lat' dir='ltr'>chlamydem</span> <span class='ocrx_word' id='word_1_49' title='bbox 839 1216 1097 1301; x_wconf 89' lang='lat' dir='ltr'>pharetramque</span> <span class='ocrx_word' id='word_1_50' title='bbox 1114 1216 1238 1301; x_wconf 85' lang='lat' dir='ltr'>nepoti,</span> <span class='ocrx_word' id='word_1_51' title='bbox 1279 1231 1317 1274; x_wconf 77' lang='lat'>⁶8⁰</span> 
     </span>
     <span class='ocr_line' id='line_1_10' title="bbox 224 1324 1108 1411; baseline -0.001 -21"><span class='ocrx_word' id='word_1_52' title='bbox 224 1335 353 1391; x_wconf 89' lang='lat' dir='ltr'>cratera</span> <span class='ocrx_word' id='word_1_53' title='bbox 375 1325 522 1403; x_wconf 88' lang='lat' dir='ltr'>Aeneae,</span> <span class='ocrx_word' id='word_1_54' title='bbox 546 1346 646 1411; x_wconf 95' lang='lat' dir='ltr'>quem</span> <span class='ocrx_word' id='word_1_55' title='bbox 670 1326 843 1410; x_wconf 89' lang='lat' dir='ltr'>quondam</span> <span class='ocrx_word' id='word_1_56' title='bbox 865 1325 1037 1392; x_wconf 86' lang='lat' dir='ltr'>transtulit</span> <span class='ocrx_word' id='word_1_57' title='bbox 1062 1324 1108 1389; x_wconf 94' lang='lat' dir='ltr'>illi</span> 
     </span>
     <span class='ocr_line' id='line_1_11' title="bbox 223 1433 1002 1519; baseline 0.003 -22"><span class='ocrx_word' id='word_1_58' title='bbox 223 1434 343 1519; x_wconf 90' lang='lat' dir='ltr'>hospes</span> <span class='ocrx_word' id='word_1_59' title='bbox 363 1436 406 1501; x_wconf 94' lang='lat' dir='ltr'>ab</span> <span class='ocrx_word' id='word_1_60' title='bbox 426 1434 548 1500; x_wconf 91' lang='lat' dir='ltr'>Aoniis</span> <span class='ocrx_word' id='word_1_61' title='bbox 568 1435 713 1500; x_wconf 90' lang='lat' dir='ltr'>Therses</span> <span class='ocrx_word' id='word_1_62' title='bbox 734 1434 904 1500; x_wconf 90' lang='lat' dir='ltr'>Ismenius</span> <span class='ocrx_word' id='word_1_63' title='bbox 923 1433 1002 1500; x_wconf 77' lang='lat' dir='ltr'>oris</span> 
     </span>
    </p>

    <p class='ocr_par' dir='ltr' id='par_1_4' title="bbox 219 1543 1316 3593">
     <span class='ocr_line' id='line_1_12' title="bbox 271 1543 1156 1624; baseline 0.001 -16"><span class='ocrx_word' id='word_1_64' title='bbox 271 1544 414 1611; x_wconf 90' lang='lat' dir='ltr'>Miserat</span> <span class='ocrx_word' id='word_1_65' title='bbox 437 1545 524 1610; x_wconf 89' lang='lat' dir='ltr'>hanc</span> <span class='ocrx_word' id='word_1_66' title='bbox 547 1544 594 1609; x_wconf 95' lang='lat' dir='ltr'>illi</span> <span class='ocrx_word' id='word_1_67' title='bbox 618 1545 774 1624; x_wconf 66' lang='lat' dir='ltr'>Therses</span> <span class='ocrx_word' id='word_1_68' title='bbox 800 1543 1024 1611; x_wconf 83' lang='lat' dir='ltr'>fabricaverat</span> <span class='ocrx_word' id='word_1_69' title='bbox 1047 1544 1156 1610; x_wconf 92' lang='lat' dir='ltr'>Alcon</span> 
     </span>
     <span class='ocr_line' id='line_1_13' title="bbox 224 1654 977 1740; baseline 0 -22"><span class='ocrx_word' id='word_1_70' title='bbox 224 1654 356 1738; x_wconf 88' lang='lat' dir='ltr'>Hyleus</span> <span class='ocrx_word' id='word_1_71' title='bbox 377 1666 410 1721; x_wconf 92' lang='lat' dir='ltr'>et</span> <span class='ocrx_word' id='word_1_72' title='bbox 431 1655 535 1740; x_wconf 82' lang='lat' dir='ltr'>longo</span> <span class='ocrx_word' id='word_1_73' title='bbox 556 1654 744 1720; x_wconf 89' lang='lat' dir='ltr'>caelaverat</span> <span class='ocrx_word' id='word_1_74' title='bbox 766 1663 977 1739; x_wconf 87' lang='lat' dir='ltr'>argumento.</span> 
     </span>
     <span class='ocr_line' id='line_1_14' title="bbox 224 1762 1316 1849; baseline -0.003 -20"><span class='ocrx_word' id='word_1_75' title='bbox 224 1762 317 1829; x_wconf 91' lang='lat' dir='ltr'>Urbs</span> <span class='ocrx_word' id='word_1_76' title='bbox 333 1773 415 1842; x_wconf 90' lang='lat' dir='ltr'>erat,</span> <span class='ocrx_word' id='word_1_77' title='bbox 434 1773 468 1829; x_wconf 90' lang='lat' dir='ltr'>et</span> <span class='ocrx_word' id='word_1_78' title='bbox 484 1773 610 1848; x_wconf 88' lang='lat' dir='ltr'>septem</span> <span class='ocrx_word' id='word_1_79' title='bbox 627 1785 744 1849; x_wconf 92' lang='lat' dir='ltr'>posses</span> <span class='ocrx_word' id='word_1_80' title='bbox 760 1763 936 1829; x_wconf 88' lang='lat' dir='ltr'>ostendere</span> <span class='ocrx_word' id='word_1_81' title='bbox 953 1773 1086 1847; x_wconf 91' lang='lat' dir='ltr'>portas:</span> <span class='ocrx_word' id='word_1_82' title='bbox 1278 1776 1316 1819; x_wconf 74' lang='lat'>685</span> 
     </span>
     <span class='ocr_line' id='line_1_15' title="bbox 222 1867 1219 1957; baseline 0 -22"><span class='ocrx_word' id='word_1_83' title='bbox 222 1871 286 1938; x_wconf 90' lang='lat' dir='ltr'>hae</span> <span class='ocrx_word' id='word_1_84' title='bbox 306 1893 368 1957; x_wconf 89' lang='lat' dir='ltr'>pro</span> <span class='ocrx_word' id='word_1_85' title='bbox 391 1867 528 1938; x_wconf 91' lang='lat' dir='ltr'>nomine</span> <span class='ocrx_word' id='word_1_86' title='bbox 550 1882 646 1937; x_wconf 89' lang='lat' dir='ltr'>erant</span> <span class='ocrx_word' id='word_1_87' title='bbox 669 1882 712 1950; x_wconf 91' lang='lat' dir='ltr'>et,</span> <span class='ocrx_word' id='word_1_88' title='bbox 735 1893 823 1956; x_wconf 91' lang='lat' dir='ltr'>quae</span> <span class='ocrx_word' id='word_1_89' title='bbox 846 1871 933 1937; x_wconf 92' lang='lat' dir='ltr'>foret</span> <span class='ocrx_word' id='word_1_90' title='bbox 957 1870 1023 1949; x_wconf 91' lang='lat' dir='ltr'>illa,</span> <span class='ocrx_word' id='word_1_91' title='bbox 1048 1871 1219 1937; x_wconf 89' lang='lat' dir='ltr'>docebant.</span> 
     </span>
     <span class='ocr_line' id='line_1_16' title="bbox 221 1980 1179 2065; baseline 0 -20"><span class='ocrx_word' id='word_1_92' title='bbox 221 1980 314 2047; x_wconf 90' lang='lat' dir='ltr'>Ante</span> <span class='ocrx_word' id='word_1_93' title='bbox 331 1982 449 2047; x_wconf 89' lang='lat' dir='ltr'>urbem</span> <span class='ocrx_word' id='word_1_94' title='bbox 468 1980 631 2065; x_wconf 89' lang='lat' dir='ltr'>exequiae</span> <span class='ocrx_word' id='word_1_95' title='bbox 648 1980 837 2064; x_wconf 90' lang='lat' dir='ltr'>tumulique</span> <span class='ocrx_word' id='word_1_96' title='bbox 858 1980 1019 2065; x_wconf 84' lang='lat' dir='ltr'>ignesque</span> <span class='ocrx_word' id='word_1_97' title='bbox 1038 1980 1179 2064; x_wconf 89' lang='lat' dir='ltr'>rogique</span> 
     </span>
     <span class='ocr_line' id='line_1_17' title="bbox 221 2088 1052 2175; baseline -0.002 -20"><span class='ocrx_word' id='word_1_98' title='bbox 221 2088 415 2175; x_wconf 88' lang='lat' dir='ltr'>effusaeque</span> <span class='ocrx_word' id='word_1_99' title='bbox 433 2113 548 2157; x_wconf 87' lang='lat' dir='ltr'>comas</span> <span class='ocrx_word' id='word_1_100' title='bbox 567 2100 600 2156; x_wconf 91' lang='lat' dir='ltr'>et</span> <span class='ocrx_word' id='word_1_101' title='bbox 618 2099 754 2175; x_wconf 89' lang='lat' dir='ltr'>apertae</span> <span class='ocrx_word' id='word_1_102' title='bbox 773 2099 908 2173; x_wconf 91' lang='lat' dir='ltr'>pectora</span> <span class='ocrx_word' id='word_1_103' title='bbox 927 2098 1052 2154; x_wconf 90' lang='lat' dir='ltr'>matres</span> 
     </span>
     <span class='ocr_line' id='line_1_18' title="bbox 221 2197 1223 2286; baseline -0.004 -20"><span class='ocrx_word' id='word_1_104' title='bbox 221 2199 414 2286; x_wconf 87' lang='lat' dir='ltr'>significant</span> <span class='ocrx_word' id='word_1_105' title='bbox 439 2202 585 2268; x_wconf 90' lang='lat' dir='ltr'>luctum:</span> <span class='ocrx_word' id='word_1_106' title='bbox 610 2198 778 2285; x_wconf 89' lang='lat' dir='ltr'>nymphae</span> <span class='ocrx_word' id='word_1_107' title='bbox 803 2218 936 2283; x_wconf 91' lang='lat' dir='ltr'>quoque</span> <span class='ocrx_word' id='word_1_108' title='bbox 959 2197 1043 2264; x_wconf 87' lang='lat' dir='ltr'>llere</span> <span class='ocrx_word' id='word_1_109' title='bbox 1065 2197 1223 2264; x_wconf 90' lang='lat' dir='ltr'>videntur</span> 
     </span>
     <span class='ocr_line' id='line_1_19' title="bbox 223 2309 1315 2394; baseline 0 -20"><span class='ocrx_word' id='word_1_110' title='bbox 223 2309 430 2394; x_wconf 90' lang='lat' dir='ltr'>siccatosque</span> <span class='ocrx_word' id='word_1_111' title='bbox 446 2310 540 2394; x_wconf 88' lang='lat' dir='ltr'>queri</span> <span class='ocrx_word' id='word_1_112' title='bbox 557 2310 679 2389; x_wconf 79' lang='lat' dir='ltr'>fonteS,</span> <span class='ocrx_word' id='word_1_113' title='bbox 697 2310 770 2376; x_wconf 93' lang='lat' dir='ltr'>sine</span> <span class='ocrx_word' id='word_1_114' title='bbox 786 2310 963 2376; x_wconf 86' lang='lat' dir='ltr'>frondibus</span> <span class='ocrx_word' id='word_1_115' title='bbox 977 2309 1079 2376; x_wconf 91' lang='lat' dir='ltr'>arbor</span> <span class='ocrx_word' id='word_1_116' title='bbox 1277 2323 1315 2366; x_wconf 76' lang='lat'>690</span> 
     </span>
     <span class='ocr_line' id='line_1_20' title="bbox 220 2419 1016 2504; baseline 0.003 -22"><span class='ocrx_word' id='word_1_117' title='bbox 220 2419 312 2484; x_wconf 90' lang='lat' dir='ltr'>nuda</span> <span class='ocrx_word' id='word_1_118' title='bbox 335 2419 433 2504; x_wconf 89' lang='lat' dir='ltr'>riget,</span> <span class='ocrx_word' id='word_1_119' title='bbox 456 2419 580 2486; x_wconf 91' lang='lat' dir='ltr'>rodunt</span> <span class='ocrx_word' id='word_1_120' title='bbox 602 2420 732 2485; x_wconf 91' lang='lat' dir='ltr'>arentia</span> <span class='ocrx_word' id='word_1_121' title='bbox 754 2440 839 2485; x_wconf 87' lang='lat' dir='ltr'>saxa</span> <span class='ocrx_word' id='word_1_122' title='bbox 861 2420 1016 2503; x_wconf 92' lang='lat' dir='ltr'>capellae.</span> 
     </span>
     <span class='ocr_line' id='line_1_21' title="bbox 222 2528 977 2607; baseline -0.001 -13"><span class='ocrx_word' id='word_1_123' title='bbox 222 2529 310 2595; x_wconf 90' lang='lat' dir='ltr'>Ecce</span> <span class='ocrx_word' id='word_1_124' title='bbox 331 2528 413 2596; x_wconf 89' lang='lat' dir='ltr'>facit</span> <span class='ocrx_word' id='word_1_125' title='bbox 433 2528 554 2594; x_wconf 88' lang='lat' dir='ltr'>mediis</span> <span class='ocrx_word' id='word_1_126' title='bbox 573 2539 671 2594; x_wconf 92' lang='lat' dir='ltr'>natas</span> <span class='ocrx_word' id='word_1_127' title='bbox 692 2528 823 2596; x_wconf 91' lang='lat' dir='ltr'>Orione</span> <span class='ocrx_word' id='word_1_128' title='bbox 841 2528 977 2607; x_wconf 82' lang='lat' dir='ltr'>Thebis,</span> 
     </span>
     <span class='ocr_line' id='line_1_22' title="bbox 220 2637 1111 2723; baseline 0.001 -22"><span class='ocrx_word' id='word_1_129' title='bbox 220 2638 284 2702; x_wconf 90' lang='lat' dir='ltr'>hac</span> <span class='ocrx_word' id='word_1_130' title='bbox 304 2659 372 2703; x_wconf 92' lang='lat' dir='ltr'>non</span> <span class='ocrx_word' id='word_1_131' title='bbox 394 2637 581 2703; x_wconf 92' lang='lat' dir='ltr'>femineum</span> <span class='ocrx_word' id='word_1_132' title='bbox 602 2637 721 2723; x_wconf 87' lang='lat' dir='ltr'>iugulo</span> <span class='ocrx_word' id='word_1_133' title='bbox 741 2638 823 2703; x_wconf 91' lang='lat' dir='ltr'>dare</span> <span class='ocrx_word' id='word_1_134' title='bbox 843 2637 964 2703; x_wconf 91' lang='lat' dir='ltr'>vulnus</span> <span class='ocrx_word' id='word_1_135' title='bbox 984 2647 1111 2722; x_wconf 89' lang='lat' dir='ltr'>apert0,</span> 
     </span>
     <span class='ocr_line' id='line_1_23' title="bbox 221 2746 931 2832; baseline 0.004 -22"><span class='ocrx_word' id='word_1_136' title='bbox 221 2747 296 2812; x_wconf 89' lang='lat' dir='ltr'>illac</span> <span class='ocrx_word' id='word_1_137' title='bbox 317 2747 465 2812; x_wconf 90' lang='lat' dir='ltr'>demisso</span> <span class='ocrx_word' id='word_1_138' title='bbox 485 2768 544 2832; x_wconf 90' lang='lat' dir='ltr'>per</span> <span class='ocrx_word' id='word_1_139' title='bbox 565 2746 685 2813; x_wconf 90' lang='lat' dir='ltr'>inertia</span> <span class='ocrx_word' id='word_1_140' title='bbox 707 2747 845 2813; x_wconf 91' lang='lat' dir='ltr'>vulnere</span> <span class='ocrx_word' id='word_1_141' title='bbox 865 2747 931 2813; x_wconf 91' lang='lat' dir='ltr'>tela</span> 
     </span>
     <span class='ocr_line' id='line_1_24' title="bbox 220 2854 1313 2940; baseline 0.001 -21"><span class='ocrx_word' id='word_1_142' title='bbox 220 2876 281 2939; x_wconf 93' lang='lat' dir='ltr'>pro</span> <span class='ocrx_word' id='word_1_143' title='bbox 302 2857 426 2939; x_wconf 94' lang='lat' dir='ltr'>populo</span> <span class='ocrx_word' id='word_1_144' title='bbox 447 2855 605 2922; x_wconf 90' lang='lat' dir='ltr'>cecidisse</span> <span class='ocrx_word' id='word_1_145' title='bbox 627 2877 688 2921; x_wconf 90' lang='lat' dir='ltr'>suo</span> <span class='ocrx_word' id='word_1_146' title='bbox 710 2855 923 2940; x_wconf 90' lang='lat' dir='ltr'>pulchrisque</span> <span class='ocrx_word' id='word_1_147' title='bbox 944 2877 1002 2939; x_wconf 92' lang='lat' dir='ltr'>per</span> <span class='ocrx_word' id='word_1_148' title='bbox 1023 2854 1140 2920; x_wconf 90' lang='lat' dir='ltr'>urbem</span> <span class='ocrx_word' id='word_1_149' title='bbox 1275 2869 1313 2912; x_wconf 76' lang='lat'>69⁵</span> 
     </span>
     <span class='ocr_line' id='line_1_25' title="bbox 221 2963 1064 3049; baseline -0.001 -20"><span class='ocrx_word' id='word_1_150' title='bbox 221 2964 396 3030; x_wconf 82' lang='lat' dir='ltr'>funeribus</span> <span class='ocrx_word' id='word_1_151' title='bbox 419 2963 501 3029; x_wconf 90' lang='lat' dir='ltr'>ferri</span> <span class='ocrx_word' id='word_1_152' title='bbox 523 2965 712 3049; x_wconf 86' lang='lat' dir='ltr'>celebrique</span> <span class='ocrx_word' id='word_1_153' title='bbox 733 2965 766 3030; x_wconf 94' lang='lat' dir='ltr'>in</span> <span class='ocrx_word' id='word_1_154' title='bbox 788 2975 883 3049; x_wconf 91' lang='lat' dir='ltr'>parte</span> <span class='ocrx_word' id='word_1_155' title='bbox 903 2964 1064 3042; x_wconf 92' lang='lat' dir='ltr'>cremari;</span> 
     </span>
     <span class='ocr_line' id='line_1_26' title="bbox 219 3073 971 3166; baseline -0.001 -27"><span class='ocrx_word' id='word_1_156' title='bbox 219 3083 292 3139; x_wconf 91' lang='lat' dir='ltr'>tum</span> <span class='ocrx_word' id='word_1_157' title='bbox 314 3073 355 3139; x_wconf 93' lang='lat' dir='ltr'>de</span> <span class='ocrx_word' id='word_1_158' title='bbox 376 3073 531 3158; x_wconf 89' lang='lat' dir='ltr'>virginea</span> <span class='ocrx_word' id='word_1_159' title='bbox 551 3073 705 3158; x_wconf 86' lang='lat' dir='ltr'>geminos</span> <span class='ocrx_word' id='word_1_160' title='bbox 727 3073 971 3166; x_wconf 15' lang='lat' dir='ltr'>exire-favilla,</span> 
     </span>
     <span class='ocr_line' id='line_1_27' title="bbox 219 3181 1131 3268; baseline 0.002 -22"><span class='ocrx_word' id='word_1_161' title='bbox 219 3205 261 3248; x_wconf 92' lang='lat' dir='ltr'>ne</span> <span class='ocrx_word' id='word_1_162' title='bbox 281 3204 389 3268; x_wconf 88' lang='lat' dir='ltr'>genus</span> <span class='ocrx_word' id='word_1_163' title='bbox 412 3182 564 3260; x_wconf 89' lang='lat' dir='ltr'>intereat,</span> <span class='ocrx_word' id='word_1_164' title='bbox 587 3182 734 3261; x_wconf 74' lang='lat' dir='ltr'>iuvenes</span> <span class='ocrx_word' id='word_1_165' title='bbox 756 3205 841 3268; x_wconf 92' lang='lat' dir='ltr'>quos</span> <span class='ocrx_word' id='word_1_166' title='bbox 864 3182 956 3248; x_wconf 88' lang='lat' dir='ltr'>fama</span> <span class='ocrx_word' id='word_1_167' title='bbox 978 3181 1131 3248; x_wconf 89' lang='lat' dir='ltr'>Coronas</span> 
     </span>
     <span class='ocr_line' id='line_1_28' title="bbox 219 3291 1081 3378; baseline 0.001 -23"><span class='ocrx_word' id='word_1_168' title='bbox 219 3292 382 3370; x_wconf 89' lang='lat' dir='ltr'>nominat,</span> <span class='ocrx_word' id='word_1_169' title='bbox 406 3301 440 3358; x_wconf 90' lang='lat' dir='ltr'>et</span> <span class='ocrx_word' id='word_1_170' title='bbox 463 3291 568 3357; x_wconf 89' lang='lat' dir='ltr'>cineri</span> <span class='ocrx_word' id='word_1_171' title='bbox 592 3302 746 3358; x_wconf 92' lang='lat' dir='ltr'>materno</span> <span class='ocrx_word' id='word_1_172' title='bbox 770 3293 891 3358; x_wconf 86' lang='lat' dir='ltr'>ducere</span> <span class='ocrx_word' id='word_1_173' title='bbox 913 3313 1081 3378; x_wconf 89' lang='lat' dir='ltr'>pompam.</span> 
     </span>
     <span class='ocr_line' id='line_1_29' title="bbox 221 3398 1009 3485; baseline 0.003 -21"><span class='ocrx_word' id='word_1_174' title='bbox 221 3400 396 3466; x_wconf 91' lang='lat' dir='ltr'>Hactenus</span> <span class='ocrx_word' id='word_1_175' title='bbox 414 3399 554 3484; x_wconf 91' lang='lat' dir='ltr'>antiquo</span> <span class='ocrx_word' id='word_1_176' title='bbox 571 3400 679 3484; x_wconf 88' lang='lat' dir='ltr'>signis</span> <span class='ocrx_word' id='word_1_177' title='bbox 698 3398 906 3485; x_wconf 86' lang='lat' dir='ltr'>fulgentibus</span> <span class='ocrx_word' id='word_1_178' title='bbox 923 3422 1009 3479; x_wconf 86' lang='lat' dir='ltr'>aere,</span> 
     </span>
     <span class='ocr_line' id='line_1_30' title="bbox 219 3509 1050 3593; baseline 0.002 -19"><span class='ocrx_word' id='word_1_179' title='bbox 219 3531 370 3582; x_wconf 91' lang='lat' dir='ltr'>summus</span> <span class='ocrx_word' id='word_1_180' title='bbox 389 3509 546 3574; x_wconf 89' lang='lat' dir='ltr'>inaurato</span> <span class='ocrx_word' id='word_1_181' title='bbox 564 3519 673 3575; x_wconf 90' lang='lat' dir='ltr'>crater</span> <span class='ocrx_word' id='word_1_182' title='bbox 691 3521 764 3577; x_wconf 93' lang='lat' dir='ltr'>erat</span> <span class='ocrx_word' id='word_1_183' title='bbox 781 3531 878 3593; x_wconf 89' lang='lat' dir='ltr'>asper</span> <span class='ocrx_word' id='word_1_184' title='bbox 895 3510 1050 3577; x_wconf 91' lang='lat' dir='ltr'>acantho.</span> 
     </span>
    </p>

    <p class='ocr_par' dir='ltr' id='par_1_5' title="bbox 220 3617 1218 3924">
     <span class='ocr_line' id='line_1_31' title="bbox 265 3617 1065 3698; baseline 0.003 -15"><span class='ocrx_word' id='word_1_185' title='bbox 265 3618 337 3685; x_wconf 92' lang='lat' dir='ltr'>Nec</span> <span class='ocrx_word' id='word_1_186' title='bbox 357 3617 592 3684; x_wconf 85' lang='lat' dir='ltr'>levioradatis</span> <span class='ocrx_word' id='word_1_187' title='bbox 610 3619 751 3684; x_wconf 87' lang='lat' dir='ltr'>Troiani</span> <span class='ocrx_word' id='word_1_188' title='bbox 771 3619 860 3685; x_wconf 85' lang='lat' dir='ltr'>dona</span> <span class='ocrx_word' id='word_1_189' title='bbox 880 3620 1065 3698; x_wconf 90' lang='lat' dir='ltr'>remittunt,</span> 
     </span>
     <span class='ocr_line' id='line_1_32' title="bbox 220 3726 1039 3812; baseline 0.004 -20"><span class='ocrx_word' id='word_1_190' title='bbox 220 3727 366 3812; x_wconf 89' lang='lat' dir='ltr'>dantque</span> <span class='ocrx_word' id='word_1_191' title='bbox 388 3726 553 3793; x_wconf 91' lang='lat' dir='ltr'>sacerdoti</span> <span class='ocrx_word' id='word_1_192' title='bbox 576 3727 749 3793; x_wconf 90' lang='lat' dir='ltr'>custodem</span> <span class='ocrx_word' id='word_1_193' title='bbox 771 3728 857 3795; x_wconf 88' lang='lat' dir='ltr'>turis</span> <span class='ocrx_word' id='word_1_194' title='bbox 878 3751 1039 3808; x_wconf 86' lang='lat' dir='ltr'>acerram,</span> 
     </span>
     <span class='ocr_line' id='line_1_33' title="bbox 220 3837 1218 3924; baseline 0.002 -22"><span class='ocrx_word' id='word_1_195' title='bbox 220 3837 302 3903; x_wconf 92' lang='lat' dir='ltr'>dant</span> <span class='ocrx_word' id='word_1_196' title='bbox 322 3847 478 3924; x_wconf 89' lang='lat' dir='ltr'>pateram</span> <span class='ocrx_word' id='word_1_197' title='bbox 500 3837 693 3922; x_wconf 89' lang='lat' dir='ltr'>claramque</span> <span class='ocrx_word' id='word_1_198' title='bbox 713 3857 797 3902; x_wconf 91' lang='lat' dir='ltr'>auro</span> <span class='ocrx_word' id='word_1_199' title='bbox 818 3839 1028 3923; x_wconf 89' lang='lat' dir='ltr'>gemmisque</span> <span class='ocrx_word' id='word_1_200' title='bbox 1048 3859 1218 3905; x_wconf 92' lang='lat' dir='ltr'>coronam.</span> 
     </span>
    </p>
   </div>
   <div class='ocr_carea' id='block_1_3' title="bbox 0 0 1526 4475">
    <p class='ocr_par' dir='ltr' id='par_1_6' title="bbox 0 0 1526 4475">
     <span class='ocr_line' id='line_1_34' title="bbox 0 0 1526 4475; baseline 0 3"><span class='ocrx_word' id='word_1_201' title='bbox 0 0 1526 4475; x_wconf 95' lang='lat' dir='ltr'> </span> 
     </span>
    </p>
   </div>
  </div>
 </body>
</html>
