3042 4475
518 288 602 342 THE
629 289 990 347 uersuronprroses
1262 310 1305 374 29

208 469 307 534 Nilus
329 469 363 533 in
386 480 578 535 extremum
601 470 691 556 fugit
712 471 913 555 perterritus
934 473 1052 539 orbem

205 579 417 663 occuluitque
436 588 547 663 caput,
566 580 656 663 quod
675 579 787 646 adhuc
804 580 903 647 latet:
920 582 1008 647 ostia
1027 594 1153 667 septem
1263 598 1301 640 2⁵⁵

206 690 439 773 pulverulenta
461 698 595 767 vacant,
617 698 746 773 septem
768 689 842 755 sine
863 690 1004 758 flumine
1026 692 1139 758 valles.

207 799 292 863 Fors
314 798 431 864 eadem
454 798 616 863 Ismarios
638 797 793 863 Hebrum
815 820 892 865 cum
915 798 1098 885 Strymone
1118 801 1230 879 siccat,

206 907 459 993 Hesperiosque
475 929 592 974 amnes
611 908 769 974 Rhenum
789 909 1060 994 Rhodanumque
1079 910 1286 994 Padumque,

204 1017 326 1101 cuique
347 1017 413 1085 iuit
433 1038 548 1084 rerum
567 1018 734 1102 promissa
753 1018 917 1103 potentia,
937 1018 1100 1103 Thybrin.

251 1127 383 1193 Dissilit
400 1149 503 1195 omne
518 1128 638 1206 solum,
655 1138 877 1212 penetratque
894 1127 928 1193 in
943 1128 1088 1193 Tartara
1105 1128 1200 1193 rimis
1261 1144 1299 1186 tto

204 1239 327 1315 lumen,
351 1249 383 1304 et
406 1238 578 1303 infernum
600 1247 703 1304 terret
725 1258 802 1303 cum
825 1237 969 1322 coniuge
992 1258 1115 1323 regem.

203 1348 249 1412 Et
267 1369 361 1414 mare
381 1348 603 1427 contrahitur,
623 1348 799 1433 siccaeque
818 1358 868 1415 est
885 1368 1025 1433 campus
1042 1348 1190 1413 harenae

201 1458 293 1539 quod
310 1459 413 1523 modo
429 1468 554 1543 pontus
571 1469 661 1524 erat:
678 1478 829 1542 quosque
845 1457 951 1524 altum
967 1466 1098 1523 texerat
1114 1476 1251 1540 aequor,

201 1566 372 1632 exsistunt
390 1578 524 1633 montes
543 1578 577 1635 et
595 1589 729 1654 sparsas
749 1566 915 1652 Cycladas
933 1576 1071 1652 augent.

201 1675 278 1742 Ima
295 1687 413 1761 petunt
431 1677 550 1761 pisces,
569 1699 630 1743 nec
650 1699 685 1743 se
704 1698 804 1761 super
823 1696 970 1761 aequora
989 1675 1084 1742 curvi
1259 1689 1298 1732 2⁶⁵

199 1787 322 1852 tollere
341 1796 518 1853 consuetas
536 1787 662 1852 audent
679 1787 853 1871 delphines
870 1786 904 1851 in
922 1807 1039 1862 auras;

199 1917 343 1980 corpora
364 1896 550 1981 phocarum
570 1917 703 1962 summo
725 1896 881 1979 resupina
902 1895 1074 1979 profundo

199 2004 397 2071 exanimata
414 2015 544 2072 natant.
587 2005 703 2090 Ipsum
720 2027 855 2090 quoque
874 2005 986 2073 Nerea
1006 2005 1098 2070 lama
1114 2016 1166 2072 est

199 2115 398 2199 Doridaque
416 2125 449 2181 et
467 2124 564 2181 natas
581 2115 703 2201 tepidis
722 2115 862 2182 latuisse
879 2116 941 2182 sub
958 2113 1076 2180 antris.

197 2225 268 2291 Ter
289 2224 468 2310 Neptunus
486 2224 583 2309 aquis
601 2247 678 2291 cum
696 2234 797 2292 torvo
814 2224 969 2293 bracchia
989 2225 1085 2291 vultu
1258 2238 1309 2304 21⁰,

197 2357 356 2402 exserere
375 2357 479 2402 ausus
499 2346 583 2413 erat,
603 2346 654 2401 ter
673 2356 741 2401 non
760 2335 839 2403 tulit
857 2335 947 2402 aeris
966 2335 1073 2421 ignes.

163 2530 164 2533 Ἴ
243 2445 348 2510 Alma
367 2455 482 2511 tamen
501 2445 628 2523 Tellus,
649 2456 687 2511 ut
706 2455 781 2512 erat
800 2443 1008 2510 circumdata
1027 2454 1142 2529 ponto,

196 2556 289 2622 inter
309 2575 413 2639 aquas
434 2554 546 2640 pelagi
567 2565 826 2639 contractosque
846 2555 994 2639 undique
1017 2554 1138 2634 fontes,

194 2665 253 2750 qui
275 2686 310 2731 se
329 2663 550 2730 condiderant
570 2664 604 2728 in
624 2685 750 2749 opacae
770 2664 899 2730 viscera
919 2663 1048 2742 matris,

195 2774 335 2841 sustulit
356 2795 536 2858 oppressos
557 2774 644 2839 collo
666 2783 764 2839 tenus
786 2773 881 2839 arida
904 2773 1027 2851 vultus,
1257 2787 1295 2831 21⁵

193 2883 421 2968 opposuitque
444 2903 582 2948 manum
608 2881 723 2960 fronti,
749 2903 942 2967 magnoque
964 2892 1112 2948 tremore

193 2991 312 3058 omnia
338 2991 532 3057 concutiens
557 2991 695 3075 paulurn
723 2991 882 3070 subsedit,
910 3001 942 3058 et
968 2991 1059 3056 infra

192 3122 298 3185 quam
318 3099 402 3165 solet
421 3121 493 3166 esse
512 3100 588 3179 fuit,
607 3099 760 3186 siccaque
780 3100 827 3168 ita
846 3123 928 3167 voce
945 3101 1056 3166 locuta
1075 3111 1143 3168 est:

240 3210 304 3276 ‘Si
323 3210 432 3294 placet
450 3210 523 3289 hoc,
541 3209 728 3294 meruique,
747 3210 828 3294 quid
846 3232 868 3276 0
885 3221 944 3278 tua
964 3210 1108 3275 fulmina
1126 3220 1268 3287 cessant,

193 3340 329 3386 summe
352 3318 476 3384 deum?
523 3319 638 3386 Liceat
661 3319 832 3403 periturae
853 3319 982 3386 viribus
1006 3318 1095 3404 ignis
1255 3333 1293 3376 Ἀθ

192 3430 275 3514 igne
298 3427 409 3512 perire
431 3438 499 3507 tuo,
523 3427 719 3512 clademque
739 3439 876 3494 auctore
899 3429 1018 3495 levare.

190 3537 267 3606 Vix
288 3537 445 3621 equidem
467 3537 581 3604 lauces
599 3539 685 3604 haec
704 3537 777 3623 ipsa
798 3538 833 3603 in
853 3539 957 3606 verba
978 3536 1132 3604 resolvo’

194 3647 390 3732 (presserat
411 3668 471 3711 ora
493 3647 641 3731 vapor):
665 3646 795 3713 ‘tostos
817 3668 858 3712 en
880 3646 1014 3731 adspice
1035 3646 1153 3725 crines,

190 3756 298 3840 inque
319 3755 427 3821 oculis
448 3765 592 3835 tantum,
615 3764 749 3822 tantum
772 3777 874 3840 super
896 3777 957 3822 ora
980 3754 1128 3821 favillae.

189 3864 316 3930 Hosne
333 3863 418 3930 mihi
440 3863 581 3945 tructus,
601 3864 690 3933 hunc
712 3864 898 3934 fertilitatis
917 3865 1080 3931 honorem
1253 3879 1290 3922 2⁸⁵
