3042 4475
637 245 841 301 HEROIDES

239 434 272 490 et
289 423 424 490 videam
440 434 568 510 puppes
583 424 633 491 ire
648 425 763 493 relicta
781 425 874 493 tuas!

193 531 313 603 Sitibi
336 532 404 598 iam
427 533 620 617 reditusque
640 535 772 618 placent
793 535 959 620 patriique
980 546 1127 620 penates,

238 663 307 707 non
326 664 392 728 ego
409 663 485 707 sum
503 642 600 709 classi
619 642 752 710 sarcina
771 665 896 730 magna
914 654 1002 711 tuae.

190 750 366 817 Victorem
386 750 520 836 captiva
539 772 670 836 sequar,
691 774 759 817 non
780 762 884 838 nupta
903 752 1083 821 maritum:

237 870 287 926 est
308 860 403 939 mihi,
424 882 510 945 quae
529 862 626 927 lanas
644 862 785 940 molliat,
807 872 886 946 apta
904 884 1035 929 manus.
1258 876 1285 923 ro

189 968 283 1035 Inter
302 969 496 1036 Achaiadas
516 970 618 1055 longe
635 970 859 1054 pulcherrima
878 980 1003 1037 matres

238 1078 274 1144 in
291 1079 459 1145 thalamos
478 1079 627 1145 coniunx
645 1079 707 1146 ibit
724 1089 844 1164 eatque
860 1090 947 1159 tuos,

189 1187 295 1273 digna
315 1210 422 1254 nurus
444 1210 571 1267 socero,
593 1188 685 1255 Iovis
705 1188 925 1275 Aeginaeque
946 1201 1081 1275 nepote,

236 1297 357 1382 cuique
377 1319 481 1363 senex
502 1298 634 1364 Nereus
654 1320 813 1383 prosocer
832 1319 905 1365 esse
926 1299 1015 1365 velit.

191 1405 267 1472 Nos
285 1406 429 1473 humiles
451 1406 665 1491 famulaeque
683 1417 761 1473 tuae
781 1408 860 1473 data
881 1428 984 1492 pensa
1005 1408 1187 1488 trahemus,
1257 1424 1284 1469 rs

235 1525 268 1582 et
286 1515 441 1583 minuent
459 1516 574 1600 plenas
592 1516 738 1583 stamina
758 1526 875 1582 nostra
891 1517 992 1582 colos.
1148 1498 1152 1507 ⁸

190 1624 355 1709 Exagitet
373 1646 416 1692 ne
434 1647 488 1692 me
506 1635 639 1691 tantum
657 1636 726 1703 tua,
746 1626 917 1710 deprecor,
938 1646 1036 1705 uxor,

235 1733 422 1819 quaemihi
440 1733 553 1800 nescio
569 1756 636 1818 quo
654 1755 724 1800 non
742 1734 805 1800 erit
822 1755 930 1819 aequa
949 1735 1062 1814 mod0,

189 1864 274 1908 neve
292 1864 385 1909 meos
404 1864 518 1910 coram
537 1843 643 1909 scindi
662 1842 792 1929 patiare
808 1844 957 1929 capillos,

233 1962 267 2017 et
290 1952 407 2018 leviter
430 1953 522 2018 dicas
546 1952 665 2018 ‘Haec
688 1972 821 2036 quoque
844 1962 959 2018 nostra
985 1952 1072 2019 fuit!
1257 1968 1283 2016 to

188 2060 254 2126 Vel
272 2061 403 2145 patiare
420 2060 507 2138 licet,
528 2061 609 2126 dum
627 2083 671 2128 ne
687 2071 879 2147 contempta
898 2062 1085 2147 relinquar:

232 2169 287 2235 hic
305 2168 387 2235 mihi
405 2168 484 2234 vae!
501 2169 643 2235 miserae
660 2170 807 2238 concutit
825 2192 901 2237 ossa
919 2180 1037 2238 metus.

187 2280 281 2365 Quid
307 2290 421 2344 tamen
447 2279 646 2363 exspectas?
692 2279 953 2365 Agamemnona
979 2282 1126 2366 paenitet
1154 2282 1232 2363 irae,

233 2398 266 2455 et
286 2387 373 2455 iacet
392 2398 473 2454 ante
490 2398 568 2454 tuos
588 2388 729 2455 Graecia
749 2399 880 2456 maesta
902 2390 1011 2475 pedes.

186 2496 295 2564 Vince
314 2497 446 2563 animos
466 2497 617 2582 iramque
637 2507 740 2576 tuam,
763 2497 819 2582 qui
839 2508 948 2564 cetera
969 2499 1092 2565 vincis!
1254 2515 1280 2559 as

232 2606 327 2693 Quid
353 2607 476 2673 lacerat
501 2607 639 2672 Danaas
665 2606 808 2692 impiger
836 2607 965 2673 Hector
990 2607 1094 2692 opes?

186 2714 294 2781 Arma
319 2737 410 2800 cape,
436 2715 593 2793 Aeacide,
620 2716 678 2780 sed
703 2737 757 2780 me
781 2725 894 2782 tamen
918 2726 997 2783 ante
1022 2726 1163 2802 recepta,
1229 2777 1232 2782 r

233 2834 266 2891 et
287 2845 401 2909 preme
421 2823 574 2890 turbatos
594 2825 708 2890 Marte
727 2823 862 2890 favente
881 2825 989 2891 viros!

190 2933 331 3018 Propter
354 2954 410 2999 me
432 2943 525 2999 mota
548 2942 608 3011 est,
634 2943 770 3019 propter
793 2955 848 3000 me
871 2933 1002 3000 desinat
1026 2933 1094 3000 ira:

233 3042 362 3126 simque
382 3062 447 3126 ego
468 3041 625 3107 tristitiae
645 3063 746 3108 causa
767 3043 954 3127 modusque
974 3043 1068 3109 tuae!
1252 3059 1279 3104 so

190 3149 260 3216 Nec
281 3151 341 3216 tibi
364 3161 462 3236 turpe
483 3161 564 3234 puta
585 3151 739 3236 precibus
762 3152 977 3218 succumbere
998 3153 1142 3220 nostris:

233 3260 387 3345 coniugis
406 3259 556 3326 Oenides
576 3281 692 3326 versus
710 3260 745 3324 in
765 3282 860 3327 arma
878 3282 976 3346 prece
994 3271 1054 3328 est.

191 3366 257 3433 Res
275 3369 391 3434 audita
411 3368 506 3446 mihi,
527 3379 608 3434 nota
629 3379 680 3435 est
700 3369 770 3434 tibi.
822 3370 997 3436 Fratribus
1017 3370 1100 3436 orba
1148 3455 1150 3461 y

234 3477 369 3544 devovit
387 3477 458 3544 nati
479 3499 637 3564 spemque
654 3488 821 3564 caputque
840 3500 970 3565 parens,

190 3584 319 3653 Bellum
338 3596 428 3652 erat:
447 3587 502 3654 ille
522 3587 622 3652 ferox
639 3587 758 3671 positis
777 3589 911 3654 secessit
929 3589 972 3654 ab
991 3589 1095 3655 armis
1252 3605 1280 3651 os

234 3704 267 3760 et
285 3696 414 3781 patriae
434 3695 544 3782 rigida
564 3706 676 3762 mente
696 3697 837 3781 negavit
857 3719 964 3782 opem.

192 3801 272 3870 Sola
295 3805 405 3871 virum
429 3805 578 3871 coniunx
603 3805 707 3871 flexit.
758 3805 902 3872 Felicior
926 3807 1000 3873 illa!
