3042 4475
501 246 585 301 THE
613 246 973 303 METAMORPHOSES

191 425 278 491 victa
302 427 548 505 remollescunt,
571 427 599 492 si
620 428 770 494 flectitur
790 427 840 493 ira
860 429 1012 507 deorum,

192 535 253 613 dic,
276 535 409 615 Themi,
430 558 496 621 qua
518 535 652 622 generis
673 537 835 603 damnum
856 537 1042 622 reparabile
1064 537 1170 604 nostri

191 657 263 712 arte
278 644 332 724 sit,
350 655 384 711 et
400 645 521 711 mersis
540 644 591 710 fer
607 666 715 731 opem,
734 646 924 723 mitissima,
941 645 1063 713 rebus!

190 755 287 820 Mota
308 755 371 819 dea
391 764 451 832 est,
474 766 665 839 sortemque
685 755 796 821 dedit:
819 754 1014 822 ‘Discedite
1034 755 1169 839 templo,

188 873 220 928 et
242 863 350 929 velate
370 873 481 947 caput,
502 864 693 948 cinctasque
715 864 873 929 resolvite
894 874 1013 941 vestes,

188 991 332 1055 ossaque
355 982 432 1055 post
453 983 591 1058 tergum
614 994 759 1059 magnae
781 972 904 1039 iactate
926 970 1097 1057 parentis!

234 1078 440 1165 Obstipuere
463 1081 532 1160 diu,
557 1081 748 1167 rumpitque
770 1081 903 1148 silentia
926 1103 1008 1147 voce

188 1190 321 1273 Pyrrha
343 1189 446 1274 prior,
470 1189 635 1275 iussisque
657 1188 738 1257 deae
759 1211 878 1277 parere
899 1200 1039 1268 recusat,

186 1297 309 1382 detque
331 1298 394 1364 sibi
419 1298 565 1378 veniam,
589 1299 714 1385 pavido
737 1310 837 1385 rogat
859 1321 928 1378 ore,
951 1309 1120 1384 pavetque
1206 1344 1209 1349 -

187 1407 318 1475 laedere
340 1407 474 1474 iactatis
497 1419 667 1475 maternas
689 1409 821 1475 ossibus
843 1409 990 1475 umbras.

186 1517 319 1583 Interea
340 1528 495 1603 repetunt
516 1518 623 1584 caecis
642 1519 786 1585 obscura
807 1518 945 1585 latebris

186 1626 287 1693 verba
310 1628 409 1693 datae
431 1627 532 1693 sortis
555 1648 677 1706 secum,
702 1627 790 1694 inter
812 1648 912 1712 seque
934 1627 1097 1693 volutant.

187 1736 272 1802 Inde
292 1734 529 1801 Promethides
549 1735 689 1820 placidis
709 1736 926 1820 Epimethida
946 1735 1045 1801 dictis
1103 1764 1106 1770 ¹

186 1844 318 1921 mulcet,
341 1854 374 1910 et
396 1844 490 1910 ‘Aut
513 1843 641 1909 fallax’
662 1844 710 1912 ait
732 1844 974 1910 ‘estsollertia
994 1840 1101 1922 nobis,

186 1963 245 2019 aut
264 1953 321 2038 pia
340 1964 419 2019 sunt
438 1953 636 2037 nullumque
654 1952 751 2019 nefas
771 1953 909 2020 oracula
931 1953 1083 2019 suadent.

186 2063 316 2147 Magna
337 2082 460 2146 parens
480 2072 570 2127 terra
589 2072 649 2141 est,
670 2062 801 2147 lapides
819 2061 855 2128 in
874 2083 1015 2147 corpore
1035 2072 1148 2128 terrae

186 2192 263 2235 ossa
288 2191 365 2237 reor
390 2170 474 2249 dici;
500 2170 608 2237 iacere
631 2170 694 2237 hos
719 2180 796 2256 post
820 2180 917 2257 terga
942 2169 1115 2235 iubemur.’

231 2279 399 2366 Coniugis
420 2279 565 2365 augurio
586 2301 791 2366 quamquam
811 2280 950 2346 Titania
969 2291 1060 2346 mota
1079 2291 1140 2358 est,

185 2411 259 2474 spes
282 2399 396 2456 tamen
420 2389 454 2454 in
476 2390 579 2456 dubio
601 2401 669 2458 est:
693 2391 778 2457 adeo
800 2391 997 2456 caelestibus
1019 2390 1119 2455 ambo

186 2500 342 2566 diffidunt
361 2500 510 2566 monitis.
556 2499 626 2566 Sed
645 2500 726 2586 quid
744 2510 912 2584 temptare
931 2498 1086 2565 nocebit?

186 2610 382 2686 Discedunt,
407 2609 585 2693 velantque
605 2619 715 2693 caput,
738 2608 935 2692 tunicasque
956 2606 1143 2692 recingunt,

186 2729 216 2784 et
237 2719 347 2784 iussos
368 2718 497 2803 lapides
518 2739 579 2782 sua
598 2729 674 2803 post
694 2717 840 2804 vestigia
861 2717 1009 2783 mittunt.

187 2827 279 2894 Saxa
300 2826 396 2911 (quis
411 2828 476 2892 hoc
492 2827 616 2905 credat,
635 2825 700 2891 nisi
718 2825 762 2892 sit
778 2846 840 2910 pro
856 2835 941 2892 teste
958 2825 1150 2910 vetustas?)

184 2956 308 3019 ponere
332 2935 491 3001 duritiem
515 2955 653 3019 coepere
677 2954 842 3019 suumque
866 2932 1025 3019 rigorem,

184 3043 374 3127 mollirique
395 3063 500 3121 mora,
523 3043 718 3127 mollitaque
738 3042 860 3109 ducere
880 3042 1036 3108 formam.

186 3153 272 3216 Mox
293 3150 349 3216 ubi
372 3161 559 3230 creverunt,
582 3161 768 3235 naturaque
788 3150 904 3217 mitior
925 3149 991 3216 illis

184 3259 339 3344 contigit,
362 3270 399 3326 ut
420 3260 597 3345 quaedam,
619 3260 667 3326 sic
687 3282 756 3326 non
777 3257 971 3338 manifesta,
993 3259 1100 3325 videri

187 3368 298 3434 forma
318 3378 429 3454 potest
449 3368 606 3447 hominis,
625 3370 694 3448 sed,
712 3369 762 3435 uti
780 3370 822 3435 de
839 3389 1010 3436 marmore
1026 3379 1155 3453 coepte,

184 3499 252 3544 non
272 3488 393 3544 exacta
413 3477 495 3543 satis
516 3478 721 3563 rudibusque
741 3479 913 3545 simillima
933 3477 1051 3564 signis.

184 3587 281 3672 Quae
299 3598 416 3653 tamen
434 3609 478 3653 ex
496 3586 561 3651 illis
578 3587 691 3672 aliquo
708 3609 787 3673 pars
803 3587 919 3654 umida
936 3608 1018 3653 suco

182 3707 214 3762 et
233 3709 371 3764 terrena
392 3696 469 3774 fuit,
489 3718 587 3762 versa
606 3690 656 3763 est
676 3697 709 3761 in
729 3696 880 3782 corporis
900 3717 1016 3773 usum;

182 3808 272 3896 quod
292 3805 440 3878 solidum
459 3814 509 3878 est
528 3804 682 3896 flectique
700 3805 829 3896 nequit,
847 3814 1000 3876 mutatur
1019 3803 1053 3873 in
1072 3825 1168 3886 ossa3
