3042 4475
256 210 315 289 136
543 209 787 265 SELECTIONS
815 208 926 265 FR'OM
955 211 1053 266 OVID

298 401 330 456 et
349 412 525 457 nemorum
545 392 714 476 nymphae
733 392 969 476 Naiadumque
987 390 1098 457 chorii

255 499 337 565 Este
355 500 452 566 bonis
471 500 590 566 avibus
608 502 672 566 visi
691 511 837 585 natoque
854 501 1013 585 mihique,
1035 578 1038 584 ,

298 608 438 694 ripaque
459 609 548 675 felici
567 620 657 676 tacta
677 610 720 675 sit
740 610 803 675 ista
822 610 924 694 pede!

254 716 377 796 Fallor‚
394 739 438 784 an
454 718 488 784 hi
509 717 588 784 fient
604 719 755 803 ingentia
772 718 905 784 moenia
922 719 1033 797 colles
1127 788 1129 792 ,

298 825 438 909 iuraque
455 827 498 892 ab
515 826 577 893 hac
596 837 686 892 terra
705 837 814 892 cetera
833 837 922 892 terra
940 826 1052 911 petet?

253 934 429 1000 Montibus
448 935 501 1000 his
518 936 600 1000 olim
619 945 710 1001 totus
727 935 936 1020 promittitur
954 936 1054 1001 orbis.

297 1042 384 1129 Quis
405 1036 539 1108 tantum
566 1043 626 1108 lati
651 1044 764 1109 credat
788 1044 909 1111 habere
933 1044 1066 1110 locum?

251 1150 297 1215 Et
321 1152 387 1216 iam
412 1151 605 1217 Dardaniae
627 1162 768 1236 tangent
791 1154 871 1217 haec
896 1152 994 1218 litora
1018 1153 1134 1238 pinus;

297 1258 350 1323 his
367 1280 499 1343 quoque
517 1281 617 1325 causa
632 1261 713 1346 novi
736 1260 861 1326 femina
879 1261 1003 1327 Martis
1019 1261 1091 1326 erit.

252 1366 339 1432 Care
355 1389 470 1452 nepos,
492 1369 596 1446 Palla,
618 1369 752 1434 funesta
774 1368 853 1451 quid
874 1369 985 1434 induis
1003 1370 1121 1436 arma?
1209 1415 1210 1419 =

231 1456 238 1463 ⁴
297 1476 419 1542 indue!
468 1476 548 1541 Non
571 1477 690 1541 humili
715 1478 847 1543 vindice
870 1499 985 1543 caesus
1010 1478 1084 1544 eris.

251 1584 351 1649 Victa
370 1594 483 1649 tamen
502 1584 614 1650 vinces
633 1606 824 1669 eversaque,
843 1586 958 1664 Troia,
977 1607 1151 1671 resurges:

295 1692 413 1758 obruet
435 1692 573 1758 hostiles
597 1693 660 1758 ista
684 1694 782 1758 ruina
805 1694 933 1759 domos.

251 1801 360 1879 Urite,
376 1802 540 1879 victrices
559 1802 730 1885 Neptunia
751 1803 929 1887 Pergama,
945 1803 1117 1870 flammae!

297 1910 389 1975 Num
414 1910 525 1975 minus
550 1911 604 1975 hic
628 1921 701 1976 toto
724 1921 775 1975 est
798 1912 898 1977 altior
921 1913 1002 1979 orbe
1025 1912 1132 1978 cinis?

251 2018 324 2083 Iam
341 2018 416 2101 pius
432 2018 565 2083 Aeneas
583 2040 677 2084 sacra
694 2029 736 2098 et,
755 2041 849 2085 sacra
866 2021 981 2099 altera,
997 2031 1126 2105 patrem

294 2126 446 2206 adferet:
468 2126 589 2192 Iliacos
609 2128 731 2212 accipe,
753 2129 869 2207 Vesta,
891 2116 980 2194 deos.

250 2237 399 2320 Tempus
417 2237 489 2315 erit,
507 2259 584 2303 cum
601 2260 661 2303 vos
680 2239 862 2325 orbemque
877 2239 1029 2305 tuebitur
1047 2240 1146 2318 idem,

295 2357 328 2411 et
345 2346 424 2411 fient
440 2346 513 2429 ipso
530 2367 624 2412 sacra
640 2348 769 2412 colente
786 2348 866 2425 deo;

248 2463 280 2517 et
302 2474 404 2537 penes
426 2454 603 2538 Augustos
625 2455 754 2539 patriae
776 2455 880 2521 tutela
903 2457 1061 2522 manebit.

297 2562 397 2627 Hanc
417 2561 469 2626 las
486 2563 616 2646 imperii
639 2563 734 2628 lrena
750 2573 862 2628 tenere
878 2565 1026 2629 domum.

252 2670 335 2735 Inde
353 2691 457 2754 nepos
475 2681 640 2756 natusque
657 2671 721 2750 dei,
741 2672 816 2737 licet
838 2672 907 2756 ipse
925 2684 1062 2751 recuset,

294 2780 443 2862 pondera
463 2780 595 2845 caelesti
616 2791 728 2845 mente
747 2790 888 2865 paterna
909 2777 1010 2847 leret.¹

250 2888 365 2971 thue
381 2909 445 2973 ego
461 2889 629 2972 perpetuis
645 2889 725 2955 olim
741 2889 897 2955 sacrabor
915 2890 1042 2968 maris,

295 2996 342 3061 sic
362 2997 520 3082 Augusta
539 3019 666 3064 novum
688 2997 774 3063 Iulia
796 3018 920 3066 numen
941 2998 1027 3064 erit!

250 3105 389 3171 Talibus
404 3117 441 3171 ut
460 3106 558 3172 dictis
574 3117 709 3172 nostros
726 3108 897 3173 deseendit
915 3107 949 3172 in
966 3129 1082 3186 annos,

295 3215 443 3281 substitit
462 3214 496 3279 in
515 3216 644 3280 medios
662 3215 811 3299 praescia
830 3215 947 3301 lingua
967 3238 1076 3282 sonos,

251 3324 423 3408 Puppibus
443 3345 598 3409 egressus
616 3325 715 3390 Latia
733 3324 824 3389 stetit
843 3325 938 3390 exsul
958 3325 992 3390 in
1007 3325 1119 3391 herba.
1197 3391 1201 3396 .

172 3451 175 3456 ·
297 3431 404 3510 Felix,
423 3433 579 3499 exsilium
596 3433 648 3498 cui
667 3435 758 3498 locus
777 3433 831 3498 ille
850 3433 932 3499 fuit!

251 3539 323 3605 Nec
337 3563 432 3606 mora
447 3543 548 3626 longa
565 3542 639 3607 luit.
680 3542 823 3608 Stabant
838 3564 926 3607 nova
938 3553 1036 3621 tecta,
1051 3564 1158 3628 neque
1173 3544 1257 3609 alter

231 3727 234 3733 Ι
294 3650 465 3716 montibus
483 3651 647 3717 Ausoniis
666 3652 800 3716 Arcade
819 3651 928 3716 maior
948 3661 1029 3717 erat.

251 3757 338 3822 Ecce
357 3757 458 3824 boves
478 3760 555 3826 illuc
572 3759 777 3845 Erytheidas
795 3760 939 3844 applicat
959 3761 1059 3826 heros
