3042 4475
653 286 768 341 FASTI
1200 302 1259 367 139

164 470 259 534 there
276 468 447 535 remained
463 469 543 553 only
560 489 625 535 one
640 467 717 555 boy,
735 470 814 536 who
830 468 896 535 had
914 468 995 535 been
1013 478 1071 535 too
1088 489 1204 555 young
1221 477 1256 533 to

163 576 238 661 join
260 577 320 643 the
342 577 547 662 expedition.
593 577 625 644 It
647 599 719 644 was
741 576 832 643 from
854 578 924 642 him
946 578 1020 643 that
1041 577 1098 643 the
1122 576 1254 641 famous

163 687 207 773 Q.
234 686 360 751 Fabius
384 685 560 752 Maximus
585 706 655 753 was
678 685 875 762 descended,
901 686 978 751 who
1002 684 1045 770 by
1070 684 1123 749 his
1147 683 1256 768 policy

162 795 204 860 of
221 795 320 879 delay
338 794 456 860 baffled
476 794 648 860 Hannibal
667 793 757 859 alter
776 794 833 860 the
851 792 954 859 battle
971 792 1011 859 ol
1030 792 1122 858 Lake
1141 792 1256 857 Trasi-

161 925 283 970 menus
300 903 335 969 in
352 903 409 970 the
427 903 550 970 second
571 902 679 970 Punic
696 904 797 990 wan]

163 1227 282 1296 Idibus
299 1228 447 1315 agrestis
466 1229 600 1296 fumant
619 1228 740 1295 altaria
762 1228 884 1308 Fauni,

209 1337 264 1405 hic
283 1338 341 1405 ubi
362 1338 523 1405 discretas
544 1338 661 1405 Insula
682 1338 808 1423 rumpit
827 1359 941 1423 aquas.

164 1446 262 1513 Haec
280 1446 346 1513 fuit
362 1446 419 1513 illa
436 1448 518 1526 dies,
535 1447 570 1513 in
585 1468 652 1533 qua
668 1447 867 1514 Veientibus
880 1447 985 1513 armis

209 1565 414 1622 tercentum
434 1556 542 1636 Fabii,
562 1566 612 1623 ter
631 1555 786 1623 cecidere
806 1557 883 1622 duo.

164 1664 245 1731 Una
259 1665 382 1731 domus
397 1663 486 1731 vires
501 1676 534 1732 et
550 1686 637 1731 onus
653 1675 844 1749 susceperat
859 1663 970 1730 urbis:

208 1783 348 1839 sumunt
368 1773 513 1859 gentiles
533 1794 628 1840 arma
648 1774 803 1860 professa
823 1794 962 1839 manus:

161 1882 337 1968 egreditur
356 1882 476 1949 castris
494 1882 590 1949 miles
609 1904 797 1969 generosus
814 1882 857 1949 ab
875 1882 993 1960 isdem,

210 2013 229 2058 e
248 1990 325 2076 quis
344 1992 415 2057 dux
434 1990 504 2057 fieri
525 1991 664 2077 quilibet
682 2001 781 2077 aptus
799 2001 882 2057 erat.

161 2099 356 2168 Carmentis
377 2111 495 2187 portae
514 2100 636 2167 dextro
657 2112 707 2168 est
727 2100 783 2166 via
802 2100 960 2185 proxima
982 2098 1077 2166 Iano.

212 2210 267 2278 Ire
282 2231 342 2295 per
360 2209 446 2277 hanc
461 2209 541 2289 noli,
558 2209 711 2296 quisquis
726 2230 780 2276 es:
797 2229 896 2276 omen
911 2207 1019 2275 habet.

164 2319 228 2385 Illa
248 2318 342 2385 fama
359 2318 464 2385 refert
482 2318 606 2385 Fabios
622 2319 733 2385 exisse
749 2329 933 2385 trecentos:

209 2437 307 2512 porta
328 2437 425 2494 vacat
444 2427 551 2512 culpa,
573 2428 632 2493 sed
652 2437 765 2493 tamen
785 2449 883 2493 omen
904 2425 1012 2492 habet.

118 2533 121 2538 ’
164 2535 214 2602 Ut
236 2534 334 2602 celeri
357 2555 458 2621 passu
482 2534 676 2602 Cremeram
699 2535 840 2620 tetigere
863 2556 1077 2619 rapacem,—

207 2643 364 2711 turbidus
381 2643 532 2710 hibernis
551 2643 606 2711 ille
622 2643 747 2711 fluebat
765 2643 908 2730 aquis-

162 2764 272 2820 castra
294 2753 369 2820 loco
388 2763 537 2838 ponunt;
559 2753 725 2820 destrictis
746 2753 881 2820 ensibus
902 2753 965 2838 ipsi

208 2863 426 2950 Tyrrhenum
446 2862 559 2929 valido
579 2863 694 2929 Marte
714 2883 774 2948 per
793 2883 916 2948 agmen
937 2871 1035 2929 eunt:

164 2994 231 3039 non
249 2972 359 3052 aliter,
378 2992 480 3057 quam
498 2993 575 3039 cum
594 2971 721 3058 Libyca
739 2972 781 3038 de
799 2982 903 3057 gente
921 2972 1037 3038 leones

209 3082 378 3149 invadunt
397 3101 532 3166 sparsos
551 3081 620 3146 lata
638 3101 697 3167 per
715 3101 799 3147 arva
816 3102 948 3166 greges

167 3190 364 3276 Diffugiunt
384 3190 498 3256 hostes
517 3189 759 3274 inhonestaque
780 3190 918 3255 volnera
938 3200 1035 3274 tergo

208 3298 406 3389 accipiunt·⁸
420 3296 534 3364 Tusco
556 3297 721 3384 sanguine
742 3307 844 3364 terra·
857 3298 961 3363 rubet.
1018 3351 1019 3354 η

169 3408 223 3475 Sic
240 3409 374 3487 iterum,
395 3407 442 3474 sic
460 3428 559 3492 saepe
577 3407 711 3473 cadunt.
755 3407 825 3474 Ubi
846 3407 979 3473 vincere
996 3417 1109 3491 aperte

209 3538 278 3583 non
296 3516 407 3596 datur,
425 3515 567 3583 insidias
584 3537 745 3601 armaque
763 3525 851 3582 tecta
868 3525 997 3601 parant.

169 3624 315 3710 Campus
331 3635 421 3692 erat:
436 3625 545 3710 campi
561 3625 760 3692 claudebant
774 3625 893 3691 ultima
908 3625 1008 3690 colles

211 3734 360 3820 silvaque
381 3744 562 3800 montanas
583 3734 736 3800 occulere
759 3743 838 3818 apta
861 3733 962 3799 teras.

172 3842 209 3910 In
226 3843 338 3912 medio
353 3864 479 3936 paucos
496 3852 714 3936 armentaque
730 3864 807 3907 rara
824 3843 1026 3937 relinquunt,
