<?xml version="1.0" encoding="UTF-8"?>
<!DOCTYPE html PUBLIC "-//W3C//DTD XHTML 1.0 Transitional//EN"
    "http://www.w3.org/TR/xhtml1/DTD/xhtml1-transitional.dtd">
<html xmlns="http://www.w3.org/1999/xhtml" xml:lang="en" lang="en">
 <head>
  <title>
</title>
<meta http-equiv="Content-Type" content="text/html;charset=utf-8" />
  <meta name='ocr-system' content='tesseract 3.04.00' />
  <meta name='ocr-capabilities' content='ocr_page ocr_carea ocr_par ocr_line ocrx_word'/>
</head>
<body>
  <div class='ocr_page' id='page_1' title='image "./selectionsfromo01ovidgoog_0083.png"; bbox 0 0 3042 4475; ppageno 0'>
   <div class='ocr_carea' id='block_1_1' title="bbox 538 276 1319 359">
    <p class='ocr_par' dir='ltr' id='par_1_1' title="bbox 538 276 1319 359">
     <span class='ocr_line' id='line_1_1' title="bbox 538 276 1319 359; baseline 0.003 -28"><span class='ocrx_word' id='word_1_1' title='bbox 538 278 622 331; x_wconf 91' lang='lat' dir='ltr'>THE</span> <span class='ocrx_word' id='word_1_2' title='bbox 649 276 1009 333; x_wconf 88' lang='lat' dir='ltr'>METAMORPHOSES</span> <span class='ocrx_word' id='word_1_3' title='bbox 1282 294 1319 359; x_wconf 83' lang='lat'>31</span> 
     </span>
    </p>
   </div>
   <div class='ocr_carea' id='block_1_2' title="bbox 216 456 1321 3933">
    <p class='ocr_par' dir='ltr' id='par_1_2' title="bbox 226 456 1321 869">
     <span class='ocr_line' id='line_1_2' title="bbox 272 456 1225 541; baseline -0.002 -19"><span class='ocrx_word' id='word_1_4' title='bbox 272 458 320 523; x_wconf 87' lang='lat' dir='ltr'>At</span> <span class='ocrx_word' id='word_1_5' title='bbox 348 458 538 536; x_wconf 74' lang='lat' dir='ltr'>Phaethon,</span> <span class='ocrx_word' id='word_1_6' title='bbox 565 458 684 523; x_wconf 88' lang='lat' dir='ltr'>rutilos</span> <span class='ocrx_word' id='word_1_7' title='bbox 710 456 846 524; x_wconf 89' lang='lat' dir='ltr'>flamma</span> <span class='ocrx_word' id='word_1_8' title='bbox 871 458 1053 541; x_wconf 85' lang='lat' dir='ltr'>populante</span> <span class='ocrx_word' id='word_1_9' title='bbox 1078 457 1225 541; x_wconf 88' lang='lat' dir='ltr'>capillos,</span> 
     </span>
     <span class='ocr_line' id='line_1_3' title="bbox 230 566 1321 651; baseline -0.002 -20"><span class='ocrx_word' id='word_1_10' title='bbox 230 566 374 632; x_wconf 87' lang='lat' dir='ltr'>volvitur</span> <span class='ocrx_word' id='word_1_11' title='bbox 396 566 430 631; x_wconf 94' lang='lat' dir='ltr'>in</span> <span class='ocrx_word' id='word_1_12' title='bbox 452 586 620 651; x_wconf 89' lang='lat' dir='ltr'>praeceps,</span> <span class='ocrx_word' id='word_1_13' title='bbox 643 566 813 651; x_wconf 85' lang='lat' dir='ltr'>longoque</span> <span class='ocrx_word' id='word_1_14' title='bbox 833 586 891 651; x_wconf 90' lang='lat' dir='ltr'>per</span> <span class='ocrx_word' id='word_1_15' title='bbox 912 567 993 631; x_wconf 70' lang='lat' dir='ltr'>aera</span> <span class='ocrx_word' id='word_1_16' title='bbox 1015 575 1123 631; x_wconf 90' lang='lat' dir='ltr'>tractu</span> <span class='ocrx_word' id='word_1_17' title='bbox 1282 580 1321 623; x_wconf 77' lang='lat'>³2⁰</span> 
     </span>
     <span class='ocr_line' id='line_1_4' title="bbox 230 674 1008 753; baseline 0.001 -13"><span class='ocrx_word' id='word_1_18' title='bbox 230 675 346 753; x_wconf 83' lang='lat' dir='ltr'>fertur,</span> <span class='ocrx_word' id='word_1_19' title='bbox 366 684 403 742; x_wconf 90' lang='lat' dir='ltr'>ut</span> <span class='ocrx_word' id='word_1_20' title='bbox 423 674 593 742; x_wconf 89' lang='lat' dir='ltr'>interdum</span> <span class='ocrx_word' id='word_1_21' title='bbox 610 676 652 741; x_wconf 88' lang='lat' dir='ltr'>de</span> <span class='ocrx_word' id='word_1_22' title='bbox 666 676 759 742; x_wconf 90' lang='lat' dir='ltr'>caelo</span> <span class='ocrx_word' id='word_1_23' title='bbox 777 676 873 742; x_wconf 89' lang='lat' dir='ltr'>stella</span> <span class='ocrx_word' id='word_1_24' title='bbox 890 696 1008 742; x_wconf 90' lang='lat' dir='ltr'>sereno</span> 
     </span>
     <span class='ocr_line' id='line_1_5' title="bbox 226 783 982 869; baseline 0.003 -20"><span class='ocrx_word' id='word_1_25' title='bbox 226 784 287 849; x_wconf 90' lang='lat' dir='ltr'>etsi</span> <span class='ocrx_word' id='word_1_26' title='bbox 308 805 377 849; x_wconf 92' lang='lat' dir='ltr'>non</span> <span class='ocrx_word' id='word_1_27' title='bbox 399 784 530 862; x_wconf 90' lang='lat' dir='ltr'>cecidit,</span> <span class='ocrx_word' id='word_1_28' title='bbox 550 784 660 869; x_wconf 91' lang='lat' dir='ltr'>potuit</span> <span class='ocrx_word' id='word_1_29' title='bbox 681 784 843 851; x_wconf 89' lang='lat' dir='ltr'>cecidisse</span> <span class='ocrx_word' id='word_1_30' title='bbox 865 783 982 852; x_wconf 90' lang='lat' dir='ltr'>videri.</span> 
     </span>
    </p>

    <p class='ocr_par' dir='ltr' id='par_1_3' title="bbox 226 892 1069 979">
     <span class='ocr_line' id='line_1_6' title="bbox 226 892 1069 979; baseline 0.001 -20"><span class='ocrx_word' id='word_1_31' title='bbox 226 892 336 978; x_wconf 86' lang='lat' dir='ltr'><strong>Quem</strong></span> <span class='ocrx_word' id='word_1_32' title='bbox 352 894 469 978; x_wconf 93' lang='lat' dir='ltr'>procul</span> <span class='ocrx_word' id='word_1_33' title='bbox 486 915 506 959; x_wconf 89' lang='lat' dir='ltr'>a</span> <span class='ocrx_word' id='word_1_34' title='bbox 522 894 632 979; x_wconf 88' lang='lat' dir='ltr'>patria</span> <span class='ocrx_word' id='word_1_35' title='bbox 648 894 784 960; x_wconf 90' lang='lat' dir='ltr'>diverso</span> <span class='ocrx_word' id='word_1_36' title='bbox 800 894 970 960; x_wconf 88' lang='lat' dir='ltr'>maximus</span> <span class='ocrx_word' id='word_1_37' title='bbox 986 894 1069 960; x_wconf 94' lang='lat' dir='ltr'>orbe</span> 
     </span>
    </p>

    <p class='ocr_par' dir='ltr' id='par_1_4' title="bbox 226 1002 1040 1087">
     <span class='ocr_line' id='line_1_7' title="bbox 226 1002 1040 1087; baseline 0.001 -20"><span class='ocrx_word' id='word_1_38' title='bbox 226 1002 349 1087; x_wconf 87' lang='lat' dir='ltr'>excipit</span> <span class='ocrx_word' id='word_1_39' title='bbox 376 1002 556 1081; x_wconf 90' lang='lat' dir='ltr'>Eridanus,</span> <span class='ocrx_word' id='word_1_40' title='bbox 585 1002 817 1087; x_wconf 84' lang='lat' dir='ltr'><strong>fumantiaque</strong></span> <span class='ocrx_word' id='word_1_41' title='bbox 841 1003 947 1069; x_wconf 88' lang='lat' dir='ltr'>abluit</span> <span class='ocrx_word' id='word_1_42' title='bbox 971 1023 1040 1069; x_wconf 90' lang='lat' dir='ltr'>ora.</span> 
     </span>
    </p>

    <p class='ocr_par' dir='ltr' id='par_1_5' title="bbox 222 1110 1319 1837">
     <span class='ocr_line' id='line_1_8' title="bbox 227 1110 1319 1197; baseline 0.001 -21"><span class='ocrx_word' id='word_1_43' title='bbox 227 1110 355 1177; x_wconf 86' lang='lat' dir='ltr'>Naides</span> <span class='ocrx_word' id='word_1_44' title='bbox 379 1111 568 1197; x_wconf 83' lang='lat' dir='ltr'>Hesperiae</span> <span class='ocrx_word' id='word_1_45' title='bbox 591 1110 704 1179; x_wconf 89' lang='lat' dir='ltr'>trifida</span> <span class='ocrx_word' id='word_1_46' title='bbox 729 1112 898 1179; x_wconf 84' lang='lat' dir='ltr'>fumantia</span> <span class='ocrx_word' id='word_1_47' title='bbox 919 1113 1056 1179; x_wconf 88' lang='lat' dir='ltr'>flamma</span> <span class='ocrx_word' id='word_1_48' title='bbox 1280 1125 1319 1168; x_wconf 61' lang='grc' dir='ltr'>θῶ</span> 
     </span>
     <span class='ocr_line' id='line_1_9' title="bbox 224 1222 1255 1308; baseline -0.001 -21"><span class='ocrx_word' id='word_1_49' title='bbox 224 1242 365 1307; x_wconf 90' lang='lat' dir='ltr'>corpora</span> <span class='ocrx_word' id='word_1_50' title='bbox 384 1222 467 1288; x_wconf 91' lang='lat' dir='ltr'>dant</span> <span class='ocrx_word' id='word_1_51' title='bbox 483 1223 626 1301; x_wconf 92' lang='lat' dir='ltr'>tumulo,</span> <span class='ocrx_word' id='word_1_52' title='bbox 645 1222 784 1307; x_wconf 84' lang='lat' dir='ltr'>signant</span> <span class='ocrx_word' id='word_1_53' title='bbox 799 1243 932 1308; x_wconf 91' lang='lat' dir='ltr'>quoque</span> <span class='ocrx_word' id='word_1_54' title='bbox 948 1222 1098 1288; x_wconf 87' lang='lat' dir='ltr'>carmine</span> <span class='ocrx_word' id='word_1_55' title='bbox 1115 1242 1255 1287; x_wconf 88' lang='lat' dir='ltr'>saxum:</span> 
     </span>
     <span class='ocr_line' id='line_1_10' title="bbox 224 1333 1271 1410; baseline -0.002 -15"><span class='ocrx_word' id='word_1_56' title='bbox 224 1349 291 1396; x_wconf 81' lang='lat' dir='ltr'>fflc</span> <span class='ocrx_word' id='word_1_57' title='bbox 310 1349 415 1396; x_wconf 80' lang='lat' dir='ltr'>smus</span> <span class='ocrx_word' id='word_1_58' title='bbox 435 1349 501 1396; x_wconf 76' lang='lat' dir='ltr'>asa</span> <span class='ocrx_word' id='word_1_59' title='bbox 521 1333 738 1410; x_wconf 72' lang='grc' dir='ltr'>ΡΗΑὲΤΗοΝ,</span> <span class='ocrx_word' id='word_1_60' title='bbox 759 1349 907 1397; x_wconf 78' lang='lat' dir='ltr'>cunnus</span> <span class='ocrx_word' id='word_1_61' title='bbox 927 1350 1070 1397; x_wconf 70' lang='lat' dir='ltr'>numos</span> <span class='ocrx_word' id='word_1_62' title='bbox 1091 1349 1271 1395; x_wconf 72' lang='lat' dir='ltr'>Passum:</span> 
     </span>
     <span class='ocr_line' id='line_1_11' title="bbox 224 1457 1292 1518; baseline -0.004 -12"><span class='ocrx_word' id='word_1_63' title='bbox 224 1458 332 1517; x_wconf 73' lang='lat' dir='ltr'><strong>QUEM</strong></span> <span class='ocrx_word' id='word_1_64' title='bbox 354 1458 387 1505; x_wconf 83' lang='lat' dir='ltr'>sr</span> <span class='ocrx_word' id='word_1_65' title='bbox 409 1459 489 1506; x_wconf 80' lang='lat' dir='ltr'>Nou</span> <span class='ocrx_word' id='word_1_66' title='bbox 510 1458 662 1518; x_wconf 74' lang='lat' dir='ltr'>sanum,</span> <span class='ocrx_word' id='word_1_67' title='bbox 684 1459 829 1506; x_wconf 75' lang='lat' dir='ltr'>unoms</span> <span class='ocrx_word' id='word_1_68' title='bbox 848 1459 977 1505; x_wconf 78' lang='lat' dir='ltr'><strong>TAMEN</strong></span> <span class='ocrx_word' id='word_1_69' title='bbox 1000 1459 1155 1505; x_wconf 78' lang='lat' dir='ltr'>sxcmm</span> <span class='ocrx_word' id='word_1_70' title='bbox 1176 1457 1292 1503; x_wconf 65' lang='lat' dir='ltr'>roms,</span> 
     </span>
     <span class='ocr_line' id='line_1_12' title="bbox 224 1549 1111 1635; baseline -0.001 -20"><span class='ocrx_word' id='word_1_71' title='bbox 224 1550 316 1616; x_wconf 87' lang='lat' dir='ltr'>Nam</span> <span class='ocrx_word' id='word_1_72' title='bbox 340 1560 436 1635; x_wconf 89' lang='lat' dir='ltr'>pater</span> <span class='ocrx_word' id='word_1_73' title='bbox 458 1550 633 1628; x_wconf 90' lang='lat' dir='ltr'>obductos,</span> <span class='ocrx_word' id='word_1_74' title='bbox 658 1551 749 1616; x_wconf 91' lang='lat' dir='ltr'>luctu</span> <span class='ocrx_word' id='word_1_75' title='bbox 773 1549 973 1616; x_wconf 92' lang='lat' dir='ltr'>miserabilis</span> <span class='ocrx_word' id='word_1_76' title='bbox 996 1570 1111 1635; x_wconf 86' lang='lat' dir='ltr'>aegro,</span> 
     </span>
     <span class='ocr_line' id='line_1_13' title="bbox 222 1658 1319 1737; baseline -0.002 -11"><span class='ocrx_word' id='word_1_77' title='bbox 222 1659 423 1726; x_wconf 88' lang='lat' dir='ltr'>condiderat</span> <span class='ocrx_word' id='word_1_78' title='bbox 442 1658 575 1726; x_wconf 90' lang='lat' dir='ltr'>vultus:</span> <span class='ocrx_word' id='word_1_79' title='bbox 594 1668 637 1737; x_wconf 91' lang='lat' dir='ltr'>et,</span> <span class='ocrx_word' id='word_1_80' title='bbox 657 1659 685 1725; x_wconf 89' lang='lat' dir='ltr'>si</span> <span class='ocrx_word' id='word_1_81' title='bbox 704 1660 807 1726; x_wconf 92' lang='lat' dir='ltr'>modo</span> <span class='ocrx_word' id='word_1_82' title='bbox 825 1659 1003 1737; x_wconf 91' lang='lat' dir='ltr'>credimus,</span> <span class='ocrx_word' id='word_1_83' title='bbox 1023 1679 1130 1724; x_wconf 93' lang='lat' dir='ltr'>unum</span> <span class='ocrx_word' id='word_1_84' title='bbox 1280 1673 1319 1715; x_wconf 72' lang='lat'>³³⁰</span> 
     </span>
     <span class='ocr_line' id='line_1_14' title="bbox 223 1767 1050 1837; baseline -0.005 -2"><span class='ocrx_word' id='word_1_85' title='bbox 223 1770 290 1836; x_wconf 90' lang='lat' dir='ltr'>isse</span> <span class='ocrx_word' id='word_1_86' title='bbox 308 1769 399 1835; x_wconf 88' lang='lat' dir='ltr'>diem</span> <span class='ocrx_word' id='word_1_87' title='bbox 418 1769 490 1837; x_wconf 90' lang='lat' dir='ltr'>sine</span> <span class='ocrx_word' id='word_1_88' title='bbox 510 1769 580 1835; x_wconf 90' lang='lat' dir='ltr'>sole</span> <span class='ocrx_word' id='word_1_89' title='bbox 602 1767 737 1835; x_wconf 86' lang='lat' dir='ltr'>ferunt:</span> <span class='ocrx_word' id='word_1_90' title='bbox 758 1768 916 1835; x_wconf 91' lang='lat' dir='ltr'>incendia</span> <span class='ocrx_word' id='word_1_91' title='bbox 937 1768 1050 1834; x_wconf 88' lang='lat' dir='ltr'>lumen</span> 
     </span>
    </p>

    <p class='ocr_par' dir='ltr' id='par_1_6' title="bbox 223 1876 1125 1963">
     <span class='ocr_line' id='line_1_15' title="bbox 223 1876 1125 1963; baseline -0.002 -20"><span class='ocrx_word' id='word_1_92' title='bbox 223 1878 436 1963; x_wconf 85' lang='lat' dir='ltr'>praebebant,</span> <span class='ocrx_word' id='word_1_93' title='bbox 464 1877 652 1963; x_wconf 88' lang='lat' dir='ltr'>aliquisque</span> <span class='ocrx_word' id='word_1_94' title='bbox 678 1879 769 1943; x_wconf 89' lang='lat' dir='ltr'>malo</span> <span class='ocrx_word' id='word_1_95' title='bbox 797 1878 863 1943; x_wconf 85' lang='lat' dir='ltr'>fuit</span> <span class='ocrx_word' id='word_1_96' title='bbox 888 1898 970 1943; x_wconf 88' lang='lat' dir='ltr'>usus</span> <span class='ocrx_word' id='word_1_97' title='bbox 997 1877 1031 1941; x_wconf 89' lang='lat' dir='ltr'>in</span> <span class='ocrx_word' id='word_1_98' title='bbox 1059 1876 1125 1942; x_wconf 93' lang='lat' dir='ltr'>illo.</span> 
     </span>
    </p>

    <p class='ocr_par' dir='ltr' id='par_1_7' title="bbox 220 1985 1207 2730">
     <span class='ocr_line' id='line_1_16' title="bbox 267 1985 1207 2072; baseline -0.001 -20"><span class='ocrx_word' id='word_1_99' title='bbox 267 1986 316 2053; x_wconf 87' lang='lat' dir='ltr'>At</span> <span class='ocrx_word' id='word_1_100' title='bbox 336 1986 498 2072; x_wconf 88' lang='lat' dir='ltr'>Clymene</span> <span class='ocrx_word' id='word_1_101' title='bbox 517 1997 696 2072; x_wconf 88' lang='lat' dir='ltr'>postquam</span> <span class='ocrx_word' id='word_1_102' title='bbox 715 1986 804 2052; x_wconf 88' lang='lat' dir='ltr'>dixit</span> <span class='ocrx_word' id='word_1_103' title='bbox 822 2007 1051 2072; x_wconf 89' lang='lat' dir='ltr'>quaecumque</span> <span class='ocrx_word' id='word_1_104' title='bbox 1071 1985 1207 2052; x_wconf 81' lang='lat' dir='ltr'>luerunt</span> 
     </span>
     <span class='ocr_line' id='line_1_17' title="bbox 222 2095 1064 2182; baseline -0.001 -20"><span class='ocrx_word' id='word_1_105' title='bbox 222 2097 257 2162; x_wconf 93' lang='lat' dir='ltr'>in</span> <span class='ocrx_word' id='word_1_106' title='bbox 282 2096 387 2163; x_wconf 85' lang='lat' dir='ltr'>tantis</span> <span class='ocrx_word' id='word_1_107' title='bbox 412 2097 555 2163; x_wconf 90' lang='lat' dir='ltr'>dicenda</span> <span class='ocrx_word' id='word_1_108' title='bbox 578 2096 687 2174; x_wconf 75' lang='lat' dir='ltr'>malie,</span> <span class='ocrx_word' id='word_1_109' title='bbox 712 2095 866 2182; x_wconf 87' lang='lat' dir='ltr'>lugubris</span> <span class='ocrx_word' id='word_1_110' title='bbox 891 2105 925 2162; x_wconf 89' lang='lat' dir='ltr'>et</span> <span class='ocrx_word' id='word_1_111' title='bbox 948 2116 1064 2161; x_wconf 87' lang='lat' dir='ltr'>amens</span> 
     </span>
     <span class='ocr_line' id='line_1_18' title="bbox 222 2204 1012 2291; baseline -0.005 -16"><span class='ocrx_word' id='word_1_112' title='bbox 222 2218 257 2275; x_wconf 92' lang='lat' dir='ltr'>et</span> <span class='ocrx_word' id='word_1_113' title='bbox 277 2206 407 2273; x_wconf 90' lang='lat' dir='ltr'>laniata</span> <span class='ocrx_word' id='word_1_114' title='bbox 427 2205 522 2290; x_wconf 82' lang='lat' dir='ltr'>sinus</span> <span class='ocrx_word' id='word_1_115' title='bbox 541 2213 652 2273; x_wconf 92' lang='lat' dir='ltr'>totum</span> <span class='ocrx_word' id='word_1_116' title='bbox 671 2204 866 2291; x_wconf 88' lang='lat' dir='ltr'>percensuit</span> <span class='ocrx_word' id='word_1_117' title='bbox 885 2205 1012 2285; x_wconf 93' lang='lat' dir='ltr'>orbem,</span> 
     </span>
     <span class='ocr_line' id='line_1_19' title="bbox 221 2315 1116 2401; baseline -0.001 -19"><span class='ocrx_word' id='word_1_118' title='bbox 221 2316 463 2401; x_wconf 88' lang='lat' dir='ltr'>exanimesque</span> <span class='ocrx_word' id='word_1_119' title='bbox 483 2325 577 2382; x_wconf 88' lang='lat' dir='ltr'>artus</span> <span class='ocrx_word' id='word_1_120' title='bbox 598 2315 719 2401; x_wconf 91' lang='lat' dir='ltr'>prim0,</span> <span class='ocrx_word' id='word_1_121' title='bbox 740 2337 823 2382; x_wconf 89' lang='lat' dir='ltr'>mox</span> <span class='ocrx_word' id='word_1_122' title='bbox 844 2337 922 2382; x_wconf 90' lang='lat' dir='ltr'>ossa</span> <span class='ocrx_word' id='word_1_123' title='bbox 943 2315 1116 2400; x_wconf 89' lang='lat' dir='ltr'>requirens</span> 
     </span>
     <span class='ocr_line' id='line_1_20' title="bbox 221 2424 1133 2512; baseline -0.003 -20"><span class='ocrx_word' id='word_1_124' title='bbox 221 2425 368 2512; x_wconf 86' lang='lat' dir='ltr'>repperit</span> <span class='ocrx_word' id='word_1_125' title='bbox 394 2425 492 2511; x_wconf 88' lang='lat' dir='ltr'>(ossa</span> <span class='ocrx_word' id='word_1_126' title='bbox 513 2434 627 2492; x_wconf 90' lang='lat' dir='ltr'>tamen</span> <span class='ocrx_word' id='word_1_127' title='bbox 649 2425 830 2510; x_wconf 89' lang='lat' dir='ltr'>peregrina</span> <span class='ocrx_word' id='word_1_128' title='bbox 849 2425 987 2491; x_wconf 89' lang='lat' dir='ltr'>condita</span> <span class='ocrx_word' id='word_1_129' title='bbox 1008 2424 1133 2509; x_wconf 84' lang='lat' dir='ltr'>ripal),</span> 
     </span>
     <span class='ocr_line' id='line_1_21' title="bbox 222 2534 1158 2619; baseline 0 -19"><span class='ocrx_word' id='word_1_130' title='bbox 222 2535 439 2619; x_wconf 90' lang='lat' dir='ltr'>incubuitque</span> <span class='ocrx_word' id='word_1_131' title='bbox 463 2535 547 2612; x_wconf 92' lang='lat' dir='ltr'>loco,</span> <span class='ocrx_word' id='word_1_132' title='bbox 572 2555 762 2618; x_wconf 88' lang='lat' dir='ltr'>nomenque</span> <span class='ocrx_word' id='word_1_133' title='bbox 785 2534 820 2600; x_wconf 91' lang='lat' dir='ltr'>in</span> <span class='ocrx_word' id='word_1_134' title='bbox 843 2555 1012 2600; x_wconf 88' lang='lat' dir='ltr'>marmore</span> <span class='ocrx_word' id='word_1_135' title='bbox 1036 2535 1158 2600; x_wconf 87' lang='lat' dir='ltr'>lectum</span> 
     </span>
     <span class='ocr_line' id='line_1_22' title="bbox 220 2643 1006 2730; baseline -0.003 -20"><span class='ocrx_word' id='word_1_136' title='bbox 220 2643 375 2730; x_wconf 87' lang='lat' dir='ltr'>perfudit</span> <span class='ocrx_word' id='word_1_137' title='bbox 395 2643 544 2710; x_wconf 90' lang='lat' dir='ltr'>lacrimis</span> <span class='ocrx_word' id='word_1_138' title='bbox 565 2652 599 2710; x_wconf 91' lang='lat' dir='ltr'>et</span> <span class='ocrx_word' id='word_1_139' title='bbox 618 2654 736 2728; x_wconf 91' lang='lat' dir='ltr'>aperto</span> <span class='ocrx_word' id='word_1_140' title='bbox 755 2654 889 2729; x_wconf 86' lang='lat' dir='ltr'>pectore</span> <span class='ocrx_word' id='word_1_141' title='bbox 910 2643 1006 2709; x_wconf 85' lang='lat' dir='ltr'>fovit.</span> 
     </span>
    </p>

    <p class='ocr_par' dir='ltr' id='par_1_8' title="bbox 218 2749 1155 3166">
     <span class='ocr_line' id='line_1_23' title="bbox 269 2749 1121 2838; baseline -0.004 -19"><span class='ocrx_word' id='word_1_142' title='bbox 269 2753 342 2820; x_wconf 89' lang='lat' dir='ltr'>Nec</span> <span class='ocrx_word' id='word_1_143' title='bbox 361 2753 475 2818; x_wconf 91' lang='lat' dir='ltr'>minus</span> <span class='ocrx_word' id='word_1_144' title='bbox 498 2753 660 2818; x_wconf 89' lang='lat' dir='ltr'>Heliades</span> <span class='ocrx_word' id='word_1_145' title='bbox 682 2754 809 2838; x_wconf 87' lang='lat' dir='ltr'>lugent,</span> <span class='ocrx_word' id='word_1_146' title='bbox 832 2762 865 2818; x_wconf 91' lang='lat' dir='ltr'>et</span> <span class='ocrx_word' id='word_1_147' title='bbox 887 2749 999 2818; x_wconf 83' lang='lat' dir='ltr'>inania</span> <span class='ocrx_word' id='word_1_148' title='bbox 1020 2753 1121 2818; x_wconf 93' lang='lat' dir='ltr'>morti</span> 
     </span>
     <span class='ocr_line' id='line_1_24' title="bbox 219 2861 1155 2947; baseline -0.002 -19"><span class='ocrx_word' id='word_1_149' title='bbox 219 2883 361 2928; x_wconf 91' lang='lat' dir='ltr'>munera</span> <span class='ocrx_word' id='word_1_150' title='bbox 385 2861 469 2931; x_wconf 88' lang='lat' dir='ltr'>dant</span> <span class='ocrx_word' id='word_1_151' title='bbox 492 2861 659 2941; x_wconf 92' lang='lat' dir='ltr'>lacrimas,</span> <span class='ocrx_word' id='word_1_152' title='bbox 683 2871 715 2929; x_wconf 89' lang='lat' dir='ltr'>et</span> <span class='ocrx_word' id='word_1_153' title='bbox 737 2883 856 2929; x_wconf 87' lang='lat' dir='ltr'>caesae</span> <span class='ocrx_word' id='word_1_154' title='bbox 876 2872 1011 2947; x_wconf 86' lang='lat' dir='ltr'>pectora</span> <span class='ocrx_word' id='word_1_155' title='bbox 1034 2861 1155 2946; x_wconf 89' lang='lat' dir='ltr'>palmis</span> 
     </span>
     <span class='ocr_line' id='line_1_25' title="bbox 218 2971 1109 3055; baseline -0.002 -18"><span class='ocrx_word' id='word_1_156' title='bbox 218 2993 290 3038; x_wconf 92' lang='lat' dir='ltr'>non</span> <span class='ocrx_word' id='word_1_157' title='bbox 313 2971 512 3037; x_wconf 89' lang='lat' dir='ltr'>auditurum</span> <span class='ocrx_word' id='word_1_158' title='bbox 534 2972 679 3038; x_wconf 87' lang='lat' dir='ltr'>miseras</span> <span class='ocrx_word' id='word_1_159' title='bbox 703 2972 920 3037; x_wconf 75' lang='lat' dir='ltr'>Phaethonta</span> <span class='ocrx_word' id='word_1_160' title='bbox 944 2971 1109 3055; x_wconf 91' lang='lat' dir='ltr'>querellas</span> 
     </span>
     <span class='ocr_line' id='line_1_26' title="bbox 219 3080 1149 3166; baseline 0 -20"><span class='ocrx_word' id='word_1_161' title='bbox 219 3092 319 3147; x_wconf 91' lang='lat' dir='ltr'>nocte</span> <span class='ocrx_word' id='word_1_162' title='bbox 346 3080 468 3166; x_wconf 90' lang='lat' dir='ltr'>dieque</span> <span class='ocrx_word' id='word_1_163' title='bbox 493 3092 625 3160; x_wconf 90' lang='lat' dir='ltr'>vocant,</span> <span class='ocrx_word' id='word_1_164' title='bbox 654 3082 961 3165; x_wconf 89' lang='lat' dir='ltr'>adsternunturque</span> <span class='ocrx_word' id='word_1_165' title='bbox 988 3081 1149 3164; x_wconf 90' lang='lat' dir='ltr'>sepulcro.</span> 
     </span>
    </p>

    <p class='ocr_par' dir='ltr' id='par_1_9' title="bbox 216 3189 1187 3821">
     <span class='ocr_line' id='line_1_27' title="bbox 267 3189 1160 3275; baseline 0.001 -21"><span class='ocrx_word' id='word_1_166' title='bbox 267 3189 366 3255; x_wconf 92' lang='lat' dir='ltr'>Luna</span> <span class='ocrx_word' id='word_1_167' title='bbox 387 3199 506 3273; x_wconf 92' lang='lat' dir='ltr'>quater</span> <span class='ocrx_word' id='word_1_168' title='bbox 527 3189 650 3256; x_wconf 86' lang='lat' dir='ltr'>iunctis</span> <span class='ocrx_word' id='word_1_169' title='bbox 671 3190 826 3275; x_wconf 89' lang='lat' dir='ltr'>implerat</span> <span class='ocrx_word' id='word_1_170' title='bbox 847 3190 1006 3256; x_wconf 90' lang='lat' dir='ltr'>cornibus</span> <span class='ocrx_word' id='word_1_171' title='bbox 1026 3190 1160 3256; x_wconf 90' lang='lat' dir='ltr'>orbem:</span> 
     </span>
     <span class='ocr_line' id='line_1_28' title="bbox 219 3299 1028 3384; baseline 0.001 -20"><span class='ocrx_word' id='word_1_172' title='bbox 219 3300 298 3366; x_wconf 92' lang='lat' dir='ltr'>illae</span> <span class='ocrx_word' id='word_1_173' title='bbox 315 3320 411 3366; x_wconf 92' lang='lat' dir='ltr'>more</span> <span class='ocrx_word' id='word_1_174' title='bbox 430 3319 492 3365; x_wconf 91' lang='lat' dir='ltr'>suo</span> <span class='ocrx_word' id='word_1_175' title='bbox 515 3299 614 3382; x_wconf 93' lang='lat' dir='ltr'>(nam</span> <span class='ocrx_word' id='word_1_176' title='bbox 632 3321 764 3366; x_wconf 91' lang='lat' dir='ltr'>morem</span> <span class='ocrx_word' id='word_1_177' title='bbox 784 3300 909 3366; x_wconf 86' lang='lat' dir='ltr'>fecerat</span> <span class='ocrx_word' id='word_1_178' title='bbox 928 3300 1028 3384; x_wconf 90' lang='lat' dir='ltr'>usus)</span> 
     </span>
     <span class='ocr_line' id='line_1_29' title="bbox 217 3407 1187 3494; baseline 0.001 -21"><span class='ocrx_word' id='word_1_179' title='bbox 217 3409 421 3494; x_wconf 87' lang='lat' dir='ltr'>plangorem</span> <span class='ocrx_word' id='word_1_180' title='bbox 441 3407 616 3474; x_wconf 90' lang='lat' dir='ltr'>dederant.</span> <span class='ocrx_word' id='word_1_181' title='bbox 660 3410 691 3474; x_wconf 91' lang='lat' dir='ltr'><strong>E</strong></span> <span class='ocrx_word' id='word_1_182' title='bbox 710 3408 785 3494; x_wconf 92' lang='lat' dir='ltr'>quis</span> <span class='ocrx_word' id='word_1_183' title='bbox 804 3410 1011 3487; x_wconf 75' lang='lat' dir='ltr'>Phaethusa,</span> <span class='ocrx_word' id='word_1_184' title='bbox 1032 3430 1187 3474; x_wconf 90' lang='lat' dir='ltr'>sororum</span> 
     </span>
     <span class='ocr_line' id='line_1_30' title="bbox 218 3518 1180 3604; baseline 0 -20"><span class='ocrx_word' id='word_1_185' title='bbox 218 3518 383 3596; x_wconf 89' lang='lat' dir='ltr'>maxima,</span> <span class='ocrx_word' id='word_1_186' title='bbox 406 3539 483 3583; x_wconf 92' lang='lat' dir='ltr'>cum</span> <span class='ocrx_word' id='word_1_187' title='bbox 505 3518 604 3585; x_wconf 88' lang='lat' dir='ltr'>vellet</span> <span class='ocrx_word' id='word_1_188' title='bbox 625 3529 718 3586; x_wconf 90' lang='lat' dir='ltr'>terra</span> <span class='ocrx_word' id='word_1_189' title='bbox 738 3519 969 3604; x_wconf 90' lang='lat' dir='ltr'>procumbere,</span> <span class='ocrx_word' id='word_1_190' title='bbox 992 3529 1109 3603; x_wconf 90' lang='lat' dir='ltr'>questa</span> <span class='ocrx_word' id='word_1_191' title='bbox 1131 3529 1180 3585; x_wconf 89' lang='lat' dir='ltr'>est</span> 
     </span>
     <span class='ocr_line' id='line_1_31' title="bbox 218 3627 1048 3713; baseline 0 -19"><span class='ocrx_word' id='word_1_192' title='bbox 218 3627 412 3713; x_wconf 87' lang='lat' dir='ltr'>deriguisse</span> <span class='ocrx_word' id='word_1_193' title='bbox 432 3627 542 3711; x_wconf 90' lang='lat' dir='ltr'>pedes.</span> <span class='ocrx_word' id='word_1_194' title='bbox 589 3627 645 3693; x_wconf 85' lang='lat' dir='ltr'>Ad</span> <span class='ocrx_word' id='word_1_195' title='bbox 667 3649 768 3712; x_wconf 91' lang='lat' dir='ltr'>quam</span> <span class='ocrx_word' id='word_1_196' title='bbox 791 3639 910 3694; x_wconf 91' lang='lat' dir='ltr'>conata</span> <span class='ocrx_word' id='word_1_197' title='bbox 933 3628 1048 3694; x_wconf 90' lang='lat' dir='ltr'>venire</span> 
     </span>
     <span class='ocr_line' id='line_1_32' title="bbox 216 3736 1066 3821; baseline -0.001 -17"><span class='ocrx_word' id='word_1_198' title='bbox 216 3736 366 3804; x_wconf 88' lang='lat' dir='ltr'>candida</span> <span class='ocrx_word' id='word_1_199' title='bbox 389 3736 566 3821; x_wconf 91' lang='lat' dir='ltr'>Lampetie</span> <span class='ocrx_word' id='word_1_200' title='bbox 589 3737 699 3804; x_wconf 91' lang='lat' dir='ltr'>subita</span> <span class='ocrx_word' id='word_1_201' title='bbox 722 3738 837 3806; x_wconf 89' lang='lat' dir='ltr'>radice</span> <span class='ocrx_word' id='word_1_202' title='bbox 857 3748 985 3804; x_wconf 89' lang='lat' dir='ltr'>retenta</span> <span class='ocrx_word' id='word_1_203' title='bbox 1007 3748 1066 3804; x_wconf 90' lang='lat' dir='ltr'>est.</span> 
     </span>
    </p>

    <p class='ocr_par' dir='ltr' id='par_1_10' title="bbox 216 3845 1076 3933">
     <span class='ocr_line' id='line_1_33' title="bbox 216 3845 1076 3933; baseline 0.001 -21"><span class='ocrx_word' id='word_1_204' title='bbox 216 3846 337 3914; x_wconf 86' lang='lat' dir='ltr'>Tertia</span> <span class='ocrx_word' id='word_1_205' title='bbox 358 3867 436 3912; x_wconf 93' lang='lat' dir='ltr'>cum</span> <span class='ocrx_word' id='word_1_206' title='bbox 457 3845 586 3912; x_wconf 89' lang='lat' dir='ltr'>crinem</span> <span class='ocrx_word' id='word_1_207' title='bbox 606 3846 762 3913; x_wconf 91' lang='lat' dir='ltr'>manibus</span> <span class='ocrx_word' id='word_1_208' title='bbox 783 3848 912 3913; x_wconf 91' lang='lat' dir='ltr'>laniare</span> <span class='ocrx_word' id='word_1_209' title='bbox 932 3858 1076 3933; x_wconf 90' lang='lat' dir='ltr'>pararet,</span> 
     </span>
    </p>
   </div>
   <div class='ocr_carea' id='block_1_3' title="bbox 0 0 1526 4475">
    <p class='ocr_par' dir='ltr' id='par_1_11' title="bbox 0 0 1526 4475">
     <span class='ocr_line' id='line_1_34' title="bbox 0 0 1526 4475; baseline 0 4"><span class='ocrx_word' id='word_1_210' title='bbox 0 0 1526 4475; x_wconf 95' lang='lat' dir='ltr'> </span> 
     </span>
    </p>
   </div>
  </div>
 </body>
</html>
