3042 4475
245 281 289 354 70
536 270 781 328 senncnous
811 272 920 327 reon
948 270 1048 328 ovrn

248 463 292 531 et,
312 463 475 537 quantum
496 453 545 518 ira
564 453 653 532 sinit,
675 453 843 520 formosa:
863 475 1069 537 movensque
1088 453 1210 519 decoro

143 629 145 633 .
249 584 326 629 cum
348 563 455 647 capite
477 562 633 628 inmissos
655 584 809 629 umerum
830 584 891 647 per
912 572 1092 647 utrumque
1112 562 1250 645 capillos
1321 599 1326 611 ·

249 671 417 749 constitit;
442 681 544 756 utque
568 671 683 737 oculos
707 671 912 737 circumtulit
936 673 1005 737 alta
1031 672 1201 755 superbos,

252 780 361 867 ‘Quis
387 780 492 860 furor,
518 780 674 846 auditos’
700 779 808 864 iuquit
833 778 1060 863 ‘praeponere
1083 779 1165 845 visis
1304 795 1341 838 uo

251 889 432 957 caelestes?
478 889 551 954 Aut
574 910 634 954 cur
658 890 780 954 colitur
805 889 937 954 Latona
961 910 1020 974 per
1045 910 1131 967 aras,

252 1020 375 1064 numen
389 998 498 1065 adhuc
514 999 585 1064 sine
599 1008 674 1063 ture
687 1018 801 1063 meum
816 997 889 1063 est?
927 998 1015 1063 Mihi
1033 998 1198 1065 Tantalus
1213 1007 1339 1076 auctor,

249 1108 303 1174 cui
325 1108 417 1175 licuit
439 1109 500 1174 soli
523 1130 721 1192 superorum
741 1120 881 1193 tangere
901 1130 1047 1186 mensas,

251 1216 429 1283 Pleiadum
449 1239 545 1283 soror
564 1230 615 1285 est
633 1218 795 1303 genetrix
813 1239 898 1296 mea,
919 1218 1089 1284 maximus
1109 1218 1207 1284 Atlas

249 1335 301 1392 est
319 1346 413 1404 avus,
433 1326 619 1391 aetherium
638 1326 694 1411 qui
717 1326 784 1391 fert
803 1326 986 1393 cervicibus
1006 1348 1123 1403 axem;
1304 1340 1342 1385 1⁷5

251 1433 402 1520 Iuppiter
423 1436 508 1501 alter
528 1457 630 1501 avus:
653 1457 769 1502 socero
785 1458 923 1521 quoque
943 1436 1071 1522 glorior
1094 1436 1160 1500 illo.

251 1545 312 1610 Me
333 1555 454 1630 gentes
478 1555 632 1611 metuunt
659 1546 838 1631 Phrygiae,
863 1567 917 1610 me
941 1545 1035 1630 regia
1059 1544 1178 1611 Cadmi

252 1655 314 1719 sub
338 1654 475 1720 domina
499 1664 559 1732 est,
585 1653 773 1740 fidibusque
796 1654 860 1720 mei
886 1654 1065 1720 commissa
1089 1654 1202 1719 mariti

251 1763 384 1829 moenia
408 1785 484 1829 cum
506 1764 638 1848 populis
661 1785 681 1828 a
704 1784 823 1847 meque
846 1763 985 1848 viroque
1008 1774 1180 1848 reguntur.

252 1871 292 1937 In
313 1892 558 1956 quamcumque
580 1872 701 1938 domus
722 1872 853 1937 adverti
877 1872 1003 1937 lumina
1026 1881 1165 1956 partem,
1304 1885 1344 1929 1⁸⁰
1386 1888 1388 1899 '

253 1980 424 2047 inmensae
445 1991 638 2065 spectantur
658 2002 748 2065 opes.
794 1981 936 2047 Accedit
958 1981 1075 2047 eodem

252 2090 357 2175 digna
381 2090 443 2155 dea
470 2089 581 2155 iacies.
631 2089 712 2155 Huc
734 2099 831 2155 natas
856 2088 951 2155 adice
975 2084 1111 2174 septem,

251 2207 285 2264 et
306 2197 447 2265 totidem
468 2196 615 2276 iuvenes
638 2209 671 2266 et
692 2220 774 2264 mox
797 2218 1004 2284 generosque
1026 2219 1205 2284 nurusque.

251 2306 415 2392 Quaerite
433 2328 532 2385 nunc,
552 2307 673 2373 habeat
693 2329 796 2392 quam
815 2319 931 2374 nostra
952 2307 1106 2392 superbia
1128 2329 1276 2387 causam,

251 2415 364 2481 nescio
384 2437 518 2500 quoque
536 2416 657 2482 audete
678 2426 786 2483 satam
807 2417 968 2484 Titanida
990 2417 1081 2484 Coeo
1305 2433 1344 2476 ns

252 2525 421 2591 Latonam
441 2525 614 2608 praeferre
635 2526 728 2603 mihi,
749 2526 802 2592 cui
824 2526 974 2591 maxima
995 2527 1167 2610 quondam

252 2634 413 2720 exiguam
433 2635 545 2700 sedem
564 2635 735 2718 pariturae
754 2646 844 2701 terra
863 2635 1010 2721 negavit.

254 2743 326 2809 Nec
344 2744 436 2809 caelo
453 2765 514 2809 nec
531 2743 635 2809 humo
654 2765 714 2809 nec
732 2743 829 2828 aquis
848 2744 909 2808 dea
929 2754 1040 2810 vestra
1059 2755 1191 2829 recepta
1210 2754 1278 2810 est:

252 2856 348 2918 exsul
372 2864 443 2919 erat
466 2854 594 2932 mundi,
618 2854 726 2919 donec
749 2853 907 2918 miserata
931 2864 1114 2938 vagantem

252 2961 420 3046 “hospita
435 2973 472 3028 tu
489 2961 588 3027 terris
605 2983 707 3039 erras,
725 2983 790 3046 ego
804 2961 823 2986 ''
842 2961 929 3027 dixit
947 2962 966 2989 “
980 2963 1015 3026 in
1032 2963 1133 3029 undis
1147 2961 1166 2987 ’'
1306 2978 1345 3021 rso

252 3070 506 3155 instabilemque
523 3071 633 3137 locum
652 3072 755 3136 Delos
773 3072 874 3136 dedit.
918 3071 979 3136 Illa
998 3072 1142 3138 duorum

255 3179 345 3245 facta
368 3201 507 3265 parens:
532 3181 618 3246 uteri
642 3202 719 3266 pars
741 3180 824 3247 haec
848 3191 897 3246 est
921 3181 1062 3265 septima
1086 3180 1203 3247 nostri.

257 3289 341 3355 Sum
361 3288 463 3354 felix:
483 3289 558 3373 quis
577 3289 667 3354 enim
686 3299 786 3373 neget
806 3288 893 3353 hoc?
937 3289 1099 3373 Felixque
1118 3289 1279 3355 manebo:

254 3398 318 3462 hoc
338 3418 471 3481 quoque
489 3397 564 3482 quis
584 3398 736 3463 dubitet?
780 3397 906 3463 Tutam
927 3419 980 3462 me
1000 3397 1096 3482 copia
1119 3397 1207 3463 fecit.

253 3505 367 3570 Maior
382 3526 467 3583 sum,
482 3527 583 3589 quam
598 3506 650 3572 cui
666 3506 773 3590 possit
789 3507 939 3571 Fortuna
954 3526 1082 3584 nocere,

253 3615 425 3698 multaque
446 3626 483 3681 ut
504 3615 633 3699 eripiat,
657 3616 764 3680 multo
786 3615 867 3679 mihi
889 3615 986 3700 plura
1009 3614 1182 3698 relinquet.

254 3722 439 3790 Excessere
459 3735 585 3790 metum
606 3746 684 3790 mea
705 3724 773 3788 iam
794 3724 890 3789 bona.
939 3723 1073 3808 Fingite
1094 3724 1183 3788 demi

252 3830 331 3898 huic
352 3832 480 3917 aliquid
502 3833 626 3917 populo
649 3842 808 3897 natorum
831 3853 928 3916 posse
951 3853 1114 3910 meorum,
