3042 4475
230 266 272 345 36
520 265 766 322 senscrrons
795 266 904 321 saon
933 266 1032 321 ovio

232 466 335 511 cease.
386 445 461 511 The
485 445 660 509 survivors
685 444 882 529 exchanged
908 444 1045 528 pledges
1071 444 1110 509 of
1136 444 1323 527 friendship

232 554 298 619 and
315 552 452 637 fidelity,
469 554 535 618 and
551 553 687 619 became
701 552 862 619 Cadmus’
879 554 1060 618 associates
1077 553 1110 618 in
1127 554 1185 619 the
1201 553 1323 619 found-

156 702 158 708 ·
232 662 293 746 ing
312 661 352 727 of
372 660 534 746 Thebes]

278 879 417 963 Iamque
436 879 519 945 deus
538 879 648 963 posita
668 879 799 945 fallacis
818 878 968 965 imagine
988 879 1078 947 tauri
1174 867 1177 873 ¹

231 1010 267 1055 se
288 988 464 1054 confessus
487 998 569 1065 erat,
594 988 801 1071 Dictaeaque
824 1008 903 1053 rura
927 987 1070 1066 tenebat,

229 1118 306 1163 cum
325 1107 421 1181 pater
441 1095 581 1181 ignarus
602 1095 733 1162 Cadmo
752 1096 948 1180 perquirere
967 1106 1099 1181 raptam

231 1206 383 1290 imperat,
404 1214 436 1271 et
456 1225 608 1289 poenam,
631 1204 658 1270 si
679 1226 746 1269 non
768 1204 942 1282 invenerit,
964 1205 1058 1271 addit

230 1314 399 1392 exsilium,
421 1312 512 1379 facto
530 1312 606 1398 pius
625 1322 657 1378 et
676 1313 858 1379 sceleratus
876 1314 1003 1380 eodem.

276 1423 369 1491 Orbe
387 1432 563 1508 pererrato
588 1422 682 1506 (quis
701 1422 791 1488 enim
811 1423 1018 1507 deprendere
1038 1422 1144 1506 possit

231 1534 323 1600 furta
342 1531 476 1615 Iovis?)
499 1531 667 1616 profugus
684 1532 897 1615 patriamque
914 1532 1065 1616 iramque
1082 1531 1231 1616 parentis

231 1642 315 1707 vitat
340 1638 565 1726 Agenorides,
593 1639 787 1723 Phoebique
812 1640 947 1705 oracula
973 1641 1114 1724 supplex

230 1749 385 1827 consulit,
409 1758 442 1815 et
465 1769 551 1832 quae
573 1748 616 1813 sit
639 1748 737 1814 tellus
760 1748 943 1814 habitanda
967 1748 1116 1833 requirit.

231 1858 323 1924 ‘Bos
341 1856 425 1923 tibi'
448 1857 607 1923 Phoebus
626 1857 674 1923 ait
696 1857 798 1923 ‘solis
818 1869 969 1924 occurret
990 1859 1023 1925 in
1044 1858 1146 1937 arvis,

229 1968 359 2033 nullum
375 1987 475 2053 passa
492 1966 611 2052 iugum
627 1966 788 2050 curvique
804 1966 952 2032 inmunis
968 1966 1083 2033 aratri.

232 2076 309 2142 Hac
332 2076 415 2142 duce
439 2096 539 2159 carpe
562 2074 652 2152 vias;
677 2084 710 2141 et
734 2096 800 2159 qua
825 2075 1025 2159 requieverit
1049 2075 1162 2156 herba,

229 2163 366 2252 moeriia
391 2182 447 2251 fac
468 2184 605 2262 condas,
630 2184 847 2269 Boeotiaque,
861 2184 916 2250 illa
938 2184 1082 2251 vocato’

230 2294 303 2361 Vix
321 2295 407 2363 bene
425 2293 577 2361 Castalio
598 2293 749 2361 Cadmus
769 2295 990 2362 descenderat
1010 2305 1121 2375 antr0,

231 2405 471 2472 incustoditam
492 2406 584 2471 lente
605 2404 698 2473 videt
718 2405 768 2471 ire
788 2404 964 2471 iuvencam

230 2515 360 2580 nullum
382 2515 510 2582 servitii
533 2515 670 2600 signum
692 2513 821 2580 cervice
841 2525 1027 2599 gerentem.

233 2622 465 2706 Subsequitur,
490 2612 674 2708 pressoque
697 2622 780 2707 legit
805 2622 947 2707 vestigia
973 2642 1102 2708 gressu,

230 2740 469 2816 auctoremque
486 2731 563 2796 viae
579 2731 753 2797 Phoebum
771 2730 960 2796 taciturnus
976 2732 1104 2797 adorat.

277 2838 351 2906 Iam
369 2840 456 2905 vada
476 2839 614 2924 Cephisi
636 2840 857 2924 Panopesque
876 2850 1030 2905 evaserat
1049 2861 1150 2906 arva:

231 2948 292 3014 bos
316 2949 419 3026 stetit,
443 2958 476 3014 et
499 2949 620 3016 tollens
645 2948 831 3032 speciosam
855 2948 1012 3014 cornibus
1036 2949 1113 3013 altis

230 3057 274 3122 ad
298 3058 427 3123 caelum
453 3057 611 3136 frontem,
637 3055 825 3141 mugitibus
849 3056 981 3141 impulit
1005 3078 1114 3135 auras,

230 3174 332 3250 atque
351 3165 398 3230 ita
418 3165 599 3251 respiciens
618 3165 759 3232 comites
780 3186 841 3230 sua
862 3175 958 3249 terga
979 3175 1165 3249 sequentes,

230 3274 418 3357 procubuit,
442 3285 622 3358 teneraque
644 3275 732 3339 latus
755 3273 911 3340 submisit
934 3274 968 3338 in
992 3275 1103 3340 herba.

231 3380 381 3448 Cadmus
401 3383 474 3467 agit
494 3393 619 3467 grates,
641 3382 905 3466 peregrinaeque
925 3383 1038 3450 oscula
1060 3394 1171 3450 terrae

230 3489 316 3574 figit,
340 3501 374 3556 et
398 3491 534 3576 ignotos
558 3500 692 3556 montes
715 3511 884 3574 agrosque
909 3491 1041 3557 salutat.

232 3597 336 3664 Sacra
360 3599 433 3664 Iovi
458 3600 611 3666 facturus
634 3608 715 3664 erat.
765 3598 861 3663 Iubet
885 3599 933 3663 ire
955 3599 1140 3680 ministros,

230 3716 263 3772 et
280 3717 395 3791 petere
411 3730 430 3774 e
448 3708 536 3774 vivis
553 3708 709 3773 libandas
728 3705 880 3771 fontibus
898 3708 1015 3772 undas

278 3815 373 3882 Silva
395 3827 492 3883 vetus
512 3818 634 3893 stabat,
654 3815 747 3880 nulla
767 3813 893 3880 violata
914 3817 1033 3892 securi,
