3042 4475
520 286 605 341 THE
632 287 991 345 METAMORPHOSES

209 464 295 530 Inde
314 466 429 534 tremit
450 468 561 545 tellus,
583 479 616 534 et
637 490 699 533 rex
719 479 819 553 pavet
840 469 910 553 ipse
929 470 1100 549 silentum,

207 597 251 640 ne
275 585 398 659 pateat,
426 577 559 660 latoque
585 578 693 642 solum
719 588 891 662 retegatur
917 578 1021 655 hiatu,

207 688 434 771 inmissusque
453 686 524 752 dies
543 688 750 771 trepidantes
770 698 896 754 terreat
915 689 1061 755 umbras.

255 799 356 865 Hanc
376 809 534 864 metuens
553 799 686 864 cladem
705 799 881 864 tenebrosa
902 800 980 864 sede
999 808 1163 883 tyrannus

204 910 346 987 exierat,
366 930 535 993 curruque
552 919 706 975 atrorum
724 919 840 974 vectus
858 929 1021 993 equorum
1263 926 1303 969 seo

205 1020 357 1087 ambibat
377 1022 512 1088 Siculae
533 1033 653 1089 cautus
673 1023 876 1089 fundamina
895 1034 1015 1089 terrae.

207 1131 396 1214 Postquam
412 1132 626 1216 exploratum
644 1133 726 1199 satis
742 1144 793 1199 est
810 1132 882 1199 loca
898 1133 990 1199 nulla
1007 1133 1130 1211 labare,

206 1240 418 1324 depositique
441 1253 561 1319 metus
586 1243 677 1308 videt
700 1244 789 1308 hunc
813 1242 960 1327 Erycina
984 1254 1164 1328 vagantem

204 1361 323 1416 monte
339 1372 401 1416 suo
419 1351 580 1431 residem,
599 1362 783 1437 natumque
800 1354 957 1437 amplexa
976 1353 1146 1418 volucrem

206 1460 327 1524 ‘arma
348 1482 534 1545 manusque
556 1484 659 1540 meae,
684 1486 768 1541 mea,
791 1474 879 1541 nate,
902 1462 1073 1548 potentia‚’
1097 1462 1195 1539 dixit,
1264 1476 1303 1519 ³65

206 1569 298 1647 ‘illa,
322 1569 443 1652 quibus
466 1592 603 1655 superas
624 1594 751 1650 omnes
775 1593 856 1658 cape
877 1573 954 1650 tela,
978 1571 1120 1656 Cupid0‚

204 1679 310 1762 inque
331 1679 383 1744 dei
406 1691 523 1763 pectus
543 1681 666 1747 celeres
686 1682 808 1748 molire
831 1682 985 1767 sagittaS,

204 1788 259 1853 cui
280 1789 422 1873 triplicis
442 1790 541 1855 cessit
563 1789 701 1857 fortuna
723 1791 908 1858 novissima
928 1790 1033 1876 regni.

204 1898 260 1963 Tu
280 1918 421 1982 superos
441 1899 618 1985 ipsumque
639 1900 767 1978 Iovem,
786 1912 823 1967 tu
843 1901 984 1966 numina
1003 1900 1096 1985 ponti

203 2007 294 2072 victa
316 2008 436 2073 domas
458 2008 643 2093 ipsumque,
668 2010 755 2094 regit
776 2010 833 2095 qui
856 2009 996 2075 numina
1018 2008 1121 2093 ponti.
1262 2022 1301 2067 ³7⁰

205 2117 353 2182 Tartara
375 2116 458 2201 quid
479 2119 634 2184 cessant?
680 2116 751 2183 Cur
773 2140 841 2183 non
864 2118 1049 2202 matrisque
1071 2128 1233 2200 tuumque

205 2226 386 2311 imperium
409 2228 567 2313 profers?
613 2227 741 2314 Agitur
764 2250 843 2314 pars
866 2228 965 2295 tertia
988 2227 1115 2294 mundi.

205 2338 250 2402 Et
270 2347 386 2403 tamen
408 2337 442 2402 in
463 2340 565 2416 caelo,
586 2361 673 2424 quae
693 2339 761 2405 iam
780 2339 944 2424 patientia
963 2349 1079 2404 nostra
1099 2348 1160 2416 est,

204 2447 407 2531 spernimur,
429 2468 469 2513 ac
488 2470 622 2514 mecum
643 2449 732 2513 vires
752 2449 953 2514 minuuntur
973 2447 1120 2513 Amoris.

205 2557 346 2621 Pallada
367 2579 481 2622 nonne
501 2557 595 2623 vides
617 2558 909 2642 iaculatricemque
932 2557 1079 2623 Dianam
1261 2570 1300 2612 ³7⁵

203 2666 406 2732 abscessisse
423 2665 531 2731 mihi?
570 2666 703 2732 Cereris
720 2689 853 2752 quoque
870 2666 938 2731 filia
956 2667 1065 2751 virgo,

204 2777 232 2840 si
252 2775 430 2860 patiemur,
451 2775 532 2843 erit:
551 2798 630 2842 nam
650 2797 725 2861 spes
743 2776 894 2843 adfectat
912 2777 1060 2842 easdem.

203 2885 251 2950 At
270 2896 319 2964 tu,
335 2907 398 2969 pro
415 2885 517 2963 socio,
535 2885 631 2970 siqua
648 2896 702 2951 est
718 2906 756 2951 ea
774 2885 897 2970 gratia,
915 2905 1020 2970 regno

206 2995 310 3078 iunge
334 2994 432 3060 deam
457 2993 600 3077 patruo’
651 2993 749 3060 Dixit
775 2993 901 3059 Venus.
954 2993 1013 3058 llle
1037 2991 1229 3076 pharetram

204 3103 316 3182 solvit,
338 3113 371 3170 et
394 3103 535 3169 arbitrio
557 3104 676 3170 matris
698 3104 740 3170 de
762 3103 853 3169 mille
876 3101 1010 3187 sagittis
1261 3115 1299 3158 ³80

204 3233 308 3279 unam
328 3212 488 3297 seposuit,
509 3213 566 3278 sed
585 3234 651 3298 qua
670 3234 732 3278 nec
750 3212 881 3279 acutior
899 3212 967 3278 ulla

204 3343 264 3388 nec
284 3321 397 3387 minus
418 3321 544 3387 incerta
565 3332 626 3399 est,
648 3343 708 3387 nec
728 3341 814 3405 quae
834 3319 944 3404 magis
965 3319 1081 3385 audiat
1102 3337 1209 3396 arcus,

202 3430 427 3514 oppositoque
452 3451 541 3515 genu
569 3429 723 3496 curvavit
750 3428 862 3495 flexile
888 3449 1038 3506 cornum,

202 3538 304 3624 inque
325 3560 385 3605 cor
405 3538 544 3605 hamata
566 3538 732 3624 percussit
753 3537 945 3605 harundine
968 3537 1093 3603 Ditem.

248 3649 355 3715 Haud
370 3649 487 3732 procul
504 3649 678 3714 Hennaeis
693 3649 786 3714 lacus
801 3657 851 3714 est
866 3669 887 3712 a
901 3646 1077 3712 moenibus
1093 3647 1190 3723 altae,
1261 3659 1298 3702 38⁵

200 3758 338 3823 nomine
361 3757 503 3841 Pergus,
526 3779 641 3841 aquae.
691 3757 771 3821 Non
793 3756 851 3821 illo
872 3756 969 3839 plura
991 3754 1152 3839 Caystros

200 3867 355 3934 carmina
379 3887 563 3953 cycnorum
587 3865 777 3934 labentibus
801 3863 896 3930 audit
920 3865 956 3930 in
979 3863 1089 3930 undis.
