<?xml version="1.0" encoding="UTF-8"?>
<!DOCTYPE html PUBLIC "-//W3C//DTD XHTML 1.0 Transitional//EN"
    "http://www.w3.org/TR/xhtml1/DTD/xhtml1-transitional.dtd">
<html xmlns="http://www.w3.org/1999/xhtml" xml:lang="en" lang="en">
 <head>
  <title>
</title>
<meta http-equiv="Content-Type" content="text/html;charset=utf-8" />
  <meta name='ocr-system' content='tesseract 3.04.00' />
  <meta name='ocr-capabilities' content='ocr_page ocr_carea ocr_par ocr_line ocrx_word'/>
</head>
<body>
  <div class='ocr_page' id='page_1' title='image "./selectionsfromo01ovidgoog_0126.png"; bbox 0 0 3042 4475; ppageno 0'>
   <div class='ocr_carea' id='block_1_1' title="bbox 243 276 1047 345">
    <p class='ocr_par' dir='ltr' id='par_1_1' title="bbox 243 276 1047 345">
     <span class='ocr_line' id='line_1_1' title="bbox 243 276 1047 345; baseline -0.002 -10"><span class='ocrx_word' id='word_1_1' title='bbox 243 283 286 345; x_wconf 80' lang='lat'>66</span> <span class='ocrx_word' id='word_1_2' title='bbox 535 278 781 337; x_wconf 88' lang='lat' dir='ltr'>SELECTIONS</span> <span class='ocrx_word' id='word_1_3' title='bbox 810 278 920 336; x_wconf 83' lang='lat' dir='ltr'><strong>FROM</strong></span> <span class='ocrx_word' id='word_1_4' title='bbox 948 276 1047 336; x_wconf 90' lang='lat' dir='ltr'>OVID</span> 
     </span>
    </p>
   </div>
   <div class='ocr_carea' id='block_1_2' title="bbox 210 462 1342 3499">
    <p class='ocr_par' dir='ltr' id='par_1_2' title="bbox 247 462 1210 547">
     <span class='ocr_line' id='line_1_2' title="bbox 247 462 1210 547; baseline 0 -20"><span class='ocrx_word' id='word_1_5' title='bbox 247 473 327 528; x_wconf 89' lang='lat' dir='ltr'>nata</span> <span class='ocrx_word' id='word_1_6' title='bbox 348 474 479 547; x_wconf 88' lang='lat' dir='ltr'>patrem</span> <span class='ocrx_word' id='word_1_7' title='bbox 501 473 647 541; x_wconf 86' lang='lat' dir='ltr'>moveat,</span> <span class='ocrx_word' id='word_1_8' title='bbox 671 485 736 528; x_wconf 91' lang='lat' dir='ltr'>neu</span> <span class='ocrx_word' id='word_1_9' title='bbox 759 462 802 527; x_wconf 93' lang='lat' dir='ltr'>sit</span> <span class='ocrx_word' id='word_1_10' title='bbox 823 462 884 528; x_wconf 92' lang='lat' dir='ltr'>tibi</span> <span class='ocrx_word' id='word_1_11' title='bbox 907 484 998 541; x_wconf 89' lang='lat' dir='ltr'>cura,</span> <span class='ocrx_word' id='word_1_12' title='bbox 1020 482 1210 547; x_wconf 85' lang='lat' dir='ltr'>precamur,</span> 
     </span>
    </p>

    <p class='ocr_par' dir='ltr' id='par_1_3' title="bbox 247 571 1039 657">
     <span class='ocr_line' id='line_1_3' title="bbox 247 571 1039 657; baseline 0.001 -21"><span class='ocrx_word' id='word_1_13' title='bbox 247 572 346 637; x_wconf 89' lang='lat' dir='ltr'>vilior</span> <span class='ocrx_word' id='word_1_14' title='bbox 369 572 468 650; x_wconf 84' lang='lat' dir='ltr'>illius,</span> <span class='ocrx_word' id='word_1_15' title='bbox 491 573 583 656; x_wconf 93' lang='lat' dir='ltr'>quod</span> <span class='ocrx_word' id='word_1_16' title='bbox 607 582 724 637; x_wconf 87' lang='lat' dir='ltr'>nostro</span> <span class='ocrx_word' id='word_1_17' title='bbox 745 582 796 637; x_wconf 89' lang='lat' dir='ltr'>est</span> <span class='ocrx_word' id='word_1_18' title='bbox 819 571 909 638; x_wconf 85' lang='lat' dir='ltr'>edita</span> <span class='ocrx_word' id='word_1_19' title='bbox 930 581 1039 657; x_wconf 89' lang='lat' dir='ltr'>partu.</span> 
     </span>
    </p>

    <p class='ocr_par' dir='ltr' id='par_1_4' title="bbox 247 681 1155 766">
     <span class='ocr_line' id='line_1_4' title="bbox 247 681 1155 766; baseline 0.001 -20"><span class='ocrx_word' id='word_1_20' title='bbox 247 682 300 746; x_wconf 90' lang='lat' dir='ltr'>En</span> <span class='ocrx_word' id='word_1_21' title='bbox 320 681 473 766; x_wconf 89' lang='lat' dir='ltr'>quaesita</span> <span class='ocrx_word' id='word_1_22' title='bbox 495 681 554 748; x_wconf 91' lang='lat' dir='ltr'>diu</span> <span class='ocrx_word' id='word_1_23' title='bbox 574 682 715 747; x_wconf 90' lang='lat' dir='ltr'>tandem</span> <span class='ocrx_word' id='word_1_24' title='bbox 736 681 819 745; x_wconf 94' lang='lat' dir='ltr'>mihi</span> <span class='ocrx_word' id='word_1_25' title='bbox 841 689 921 746; x_wconf 88' lang='lat' dir='ltr'>nata</span> <span class='ocrx_word' id='word_1_26' title='bbox 943 691 1074 765; x_wconf 89' lang='lat' dir='ltr'>reperta</span> <span class='ocrx_word' id='word_1_27' title='bbox 1095 691 1155 759; x_wconf 90' lang='lat' dir='ltr'>est,</span> 
     </span>
    </p>

    <p class='ocr_par' dir='ltr' id='par_1_5' title="bbox 246 790 1024 876">
     <span class='ocr_line' id='line_1_5' title="bbox 246 790 1024 876; baseline -0.004 -19"><span class='ocrx_word' id='word_1_28' title='bbox 246 792 273 857; x_wconf 93' lang='lat' dir='ltr'>si</span> <span class='ocrx_word' id='word_1_29' title='bbox 295 791 443 876; x_wconf 90' lang='lat' dir='ltr'>reperire</span> <span class='ocrx_word' id='word_1_30' title='bbox 462 812 564 857; x_wconf 85' lang='lat' dir='ltr'>vocas</span> <span class='ocrx_word' id='word_1_31' title='bbox 585 790 741 857; x_wconf 91' lang='lat' dir='ltr'>amittere</span> <span class='ocrx_word' id='word_1_32' title='bbox 760 790 896 869; x_wconf 89' lang='lat' dir='ltr'>certius,</span> <span class='ocrx_word' id='word_1_33' title='bbox 917 802 976 857; x_wconf 91' lang='lat' dir='ltr'>aut</span> <span class='ocrx_word' id='word_1_34' title='bbox 997 790 1024 856; x_wconf 90' lang='lat' dir='ltr'>si</span> 
     </span>
    </p>

    <p class='ocr_par' dir='ltr' id='par_1_6' title="bbox 246 900 1338 1207">
     <span class='ocr_line' id='line_1_6' title="bbox 246 900 1338 986; baseline 0 -20"><span class='ocrx_word' id='word_1_35' title='bbox 246 902 339 978; x_wconf 91' lang='lat' dir='ltr'>scire,</span> <span class='ocrx_word' id='word_1_36' title='bbox 359 901 414 966; x_wconf 93' lang='lat' dir='ltr'>ubi</span> <span class='ocrx_word' id='word_1_37' title='bbox 434 901 487 978; x_wconf 92' lang='lat' dir='ltr'>sit,</span> <span class='ocrx_word' id='word_1_38' title='bbox 507 900 653 986; x_wconf 89' lang='lat' dir='ltr'>reperire</span> <span class='ocrx_word' id='word_1_39' title='bbox 670 921 780 967; x_wconf 87' lang='lat' dir='ltr'>vocas.</span> <span class='ocrx_word' id='word_1_40' title='bbox 824 900 926 985; x_wconf 82' lang='lat' dir='ltr'>Quod</span> <span class='ocrx_word' id='word_1_41' title='bbox 945 909 1051 984; x_wconf 89' lang='lat' dir='ltr'>rapta,</span> <span class='ocrx_word' id='word_1_42' title='bbox 1072 900 1229 978; x_wconf 74' lang='lat' dir='ltr'>feremus</span> <span class='ocrx_word' id='word_1_43' title='bbox 1300 916 1338 959; x_wconf 72' lang='lat'>52⁰</span> 
     </span>
     <span class='ocr_line' id='line_1_7' title="bbox 246 1010 1272 1095; baseline -0.003 -18"><span class='ocrx_word' id='word_1_44' title='bbox 246 1013 431 1078; x_wconf 89' lang='lat' dir='ltr'>dummodo</span> <span class='ocrx_word' id='word_1_45' title='bbox 453 1012 573 1078; x_wconf 90' lang='lat' dir='ltr'>reddat</span> <span class='ocrx_word' id='word_1_46' title='bbox 594 1032 687 1077; x_wconf 91' lang='lat' dir='ltr'>eam:</span> <span class='ocrx_word' id='word_1_47' title='bbox 710 1032 821 1095; x_wconf 91' lang='lat' dir='ltr'>neque</span> <span class='ocrx_word' id='word_1_48' title='bbox 844 1010 935 1075; x_wconf 91' lang='lat' dir='ltr'>enim</span> <span class='ocrx_word' id='word_1_49' title='bbox 957 1010 1126 1093; x_wconf 87' lang='lat' dir='ltr'>praedone</span> <span class='ocrx_word' id='word_1_50' title='bbox 1148 1010 1272 1075; x_wconf 90' lang='lat' dir='ltr'>marito</span> 
     </span>
     <span class='ocr_line' id='line_1_8' title="bbox 247 1119 1111 1207; baseline -0.002 -20"><span class='ocrx_word' id='word_1_51' title='bbox 247 1122 316 1187; x_wconf 91' lang='lat' dir='ltr'>filia</span> <span class='ocrx_word' id='word_1_52' title='bbox 336 1122 440 1207; x_wconf 92' lang='lat' dir='ltr'>digna</span> <span class='ocrx_word' id='word_1_53' title='bbox 462 1132 519 1187; x_wconf 88' lang='lat' dir='ltr'>tua</span> <span class='ocrx_word' id='word_1_54' title='bbox 542 1133 601 1199; x_wconf 85' lang='lat' dir='ltr'>est,</span> <span class='ocrx_word' id='word_1_55' title='bbox 626 1122 652 1186; x_wconf 93' lang='lat' dir='ltr'>si</span> <span class='ocrx_word' id='word_1_56' title='bbox 676 1122 743 1187; x_wconf 92' lang='lat' dir='ltr'>iam</span> <span class='ocrx_word' id='word_1_57' title='bbox 765 1142 839 1186; x_wconf 89' lang='lat' dir='ltr'>mea</span> <span class='ocrx_word' id='word_1_58' title='bbox 860 1120 928 1185; x_wconf 89' lang='lat' dir='ltr'>filia</span> <span class='ocrx_word' id='word_1_59' title='bbox 950 1142 1018 1185; x_wconf 94' lang='lat' dir='ltr'>non</span> <span class='ocrx_word' id='word_1_60' title='bbox 1040 1119 1111 1185; x_wconf 90' lang='lat' dir='ltr'>est.’</span> 
     </span>
    </p>

    <p class='ocr_par' dir='ltr' id='par_1_7' title="bbox 292 1229 1247 1315">
     <span class='ocr_line' id='line_1_9' title="bbox 292 1229 1247 1315; baseline -0.003 -20"><span class='ocrx_word' id='word_1_61' title='bbox 292 1231 443 1315; x_wconf 94' lang='lat' dir='ltr'>Iuppiter</span> <span class='ocrx_word' id='word_1_62' title='bbox 466 1231 615 1315; x_wconf 88' lang='lat' dir='ltr'>excepit:</span> <span class='ocrx_word' id='word_1_63' title='bbox 640 1230 852 1296; x_wconf 87' lang='lat' dir='ltr'>‘Commune</span> <span class='ocrx_word' id='word_1_64' title='bbox 876 1240 925 1296; x_wconf 93' lang='lat' dir='ltr'>est</span> <span class='ocrx_word' id='word_1_65' title='bbox 948 1229 1072 1314; x_wconf 90' lang='lat' dir='ltr'>pignus</span> <span class='ocrx_word' id='word_1_66' title='bbox 1096 1249 1247 1312; x_wconf 89' lang='lat' dir='ltr'>onusque</span> 
     </span>
    </p>

    <p class='ocr_par' dir='ltr' id='par_1_8' title="bbox 244 1339 1339 1643">
     <span class='ocr_line' id='line_1_10' title="bbox 246 1339 1134 1407; baseline 0 -4"><span class='ocrx_word' id='word_1_67' title='bbox 246 1349 326 1405; x_wconf 90' lang='lat' dir='ltr'>nata</span> <span class='ocrx_word' id='word_1_68' title='bbox 346 1340 427 1404; x_wconf 93' lang='lat' dir='ltr'>mihi</span> <span class='ocrx_word' id='word_1_69' title='bbox 449 1351 569 1406; x_wconf 90' lang='lat' dir='ltr'>tecum.</span> <span class='ocrx_word' id='word_1_70' title='bbox 617 1340 684 1407; x_wconf 89' lang='lat' dir='ltr'>Sed</span> <span class='ocrx_word' id='word_1_71' title='bbox 704 1340 731 1405; x_wconf 93' lang='lat' dir='ltr'>si</span> <span class='ocrx_word' id='word_1_72' title='bbox 752 1340 854 1405; x_wconf 92' lang='lat' dir='ltr'>modo</span> <span class='ocrx_word' id='word_1_73' title='bbox 875 1340 1013 1405; x_wconf 93' lang='lat' dir='ltr'>nomina</span> <span class='ocrx_word' id='word_1_74' title='bbox 1033 1339 1134 1404; x_wconf 89' lang='lat' dir='ltr'>rebus</span> 
     </span>
     <span class='ocr_line' id='line_1_11' title="bbox 244 1446 1339 1533; baseline -0.002 -20"><span class='ocrx_word' id='word_1_75' title='bbox 244 1448 368 1514; x_wconf 88' lang='lat' dir='ltr'>addere</span> <span class='ocrx_word' id='word_1_76' title='bbox 387 1470 466 1514; x_wconf 90' lang='lat' dir='ltr'>vera</span> <span class='ocrx_word' id='word_1_77' title='bbox 485 1450 602 1533; x_wconf 88' lang='lat' dir='ltr'>placet,</span> <span class='ocrx_word' id='word_1_78' title='bbox 623 1471 691 1514; x_wconf 93' lang='lat' dir='ltr'>non</span> <span class='ocrx_word' id='word_1_79' title='bbox 710 1449 773 1514; x_wconf 93' lang='lat' dir='ltr'>hoc</span> <span class='ocrx_word' id='word_1_80' title='bbox 792 1448 915 1514; x_wconf 91' lang='lat' dir='ltr'>iniuria</span> <span class='ocrx_word' id='word_1_81' title='bbox 936 1446 1074 1525; x_wconf 83' lang='lat' dir='ltr'>factum,</span> <span class='ocrx_word' id='word_1_82' title='bbox 1300 1462 1339 1503; x_wconf 78' lang='lat'>⁵2⁵</span> 
     </span>
     <span class='ocr_line' id='line_1_12' title="bbox 245 1555 1248 1643; baseline -0.005 -19"><span class='ocrx_word' id='word_1_83' title='bbox 245 1580 363 1624; x_wconf 87' lang='lat' dir='ltr'>verum</span> <span class='ocrx_word' id='word_1_84' title='bbox 383 1579 480 1624; x_wconf 93' lang='lat' dir='ltr'>amor</span> <span class='ocrx_word' id='word_1_85' title='bbox 500 1568 569 1636; x_wconf 82' lang='lat' dir='ltr'>est3</span> <span class='ocrx_word' id='word_1_86' title='bbox 589 1579 698 1641; x_wconf 92' lang='lat' dir='ltr'>neque</span> <span class='ocrx_word' id='word_1_87' title='bbox 716 1558 780 1624; x_wconf 87' lang='lat' dir='ltr'>erit</span> <span class='ocrx_word' id='word_1_88' title='bbox 799 1557 897 1623; x_wconf 93' lang='lat' dir='ltr'>nobis</span> <span class='ocrx_word' id='word_1_89' title='bbox 916 1577 1022 1642; x_wconf 91' lang='lat' dir='ltr'>gener</span> <span class='ocrx_word' id='word_1_90' title='bbox 1042 1556 1096 1623; x_wconf 91' lang='lat' dir='ltr'>ille</span> <span class='ocrx_word' id='word_1_91' title='bbox 1116 1555 1248 1643; x_wconf 93' lang='lat' dir='ltr'>pudori,</span> 
     </span>
    </p>

    <p class='ocr_par' dir='ltr' id='par_1_9' title="bbox 210 1667 1268 1968">
     <span class='ocr_line' id='line_1_13' title="bbox 246 1667 1268 1750; baseline -0.005 -16"><span class='ocrx_word' id='word_1_92' title='bbox 246 1679 283 1734; x_wconf 93' lang='lat' dir='ltr'>tu</span> <span class='ocrx_word' id='word_1_93' title='bbox 304 1669 416 1747; x_wconf 93' lang='lat' dir='ltr'>modo,</span> <span class='ocrx_word' id='word_1_94' title='bbox 438 1668 528 1747; x_wconf 90' lang='lat' dir='ltr'>diva,</span> <span class='ocrx_word' id='word_1_95' title='bbox 550 1668 642 1734; x_wconf 85' lang='lat' dir='ltr'>velis.</span> <span class='ocrx_word' id='word_1_96' title='bbox 688 1668 738 1734; x_wconf 84' lang='lat' dir='ltr'>Ut</span> <span class='ocrx_word' id='word_1_97' title='bbox 759 1667 872 1732; x_wconf 85' lang='lat' dir='ltr'>desint</span> <span class='ocrx_word' id='word_1_98' title='bbox 892 1677 1012 1745; x_wconf 87' lang='lat' dir='ltr'>cetera,</span> <span class='ocrx_word' id='word_1_99' title='bbox 1032 1676 1197 1750; x_wconf 88' lang='lat' dir='ltr'>quantum</span> <span class='ocrx_word' id='word_1_100' title='bbox 1218 1676 1268 1730; x_wconf 88' lang='lat' dir='ltr'>est</span> 
     </span>
     <span class='ocr_line' id='line_1_14' title="bbox 245 1775 1245 1863; baseline -0.003 -21"><span class='ocrx_word' id='word_1_101' title='bbox 245 1799 317 1843; x_wconf 88' lang='lat' dir='ltr'>esse</span> <span class='ocrx_word' id='word_1_102' title='bbox 341 1777 433 1843; x_wconf 91' lang='lat' dir='ltr'>lovis</span> <span class='ocrx_word' id='word_1_103' title='bbox 457 1777 598 1843; x_wconf 86' lang='lat' dir='ltr'>fratrem</span> <span class='ocrx_word' id='word_1_104' title='bbox 608 1776 757 1863; x_wconf 83' lang='lat' dir='ltr'>l—Quid</span> <span class='ocrx_word' id='word_1_105' title='bbox 779 1776 870 1860; x_wconf 92' lang='lat' dir='ltr'>quod</span> <span class='ocrx_word' id='word_1_106' title='bbox 892 1797 960 1840; x_wconf 94' lang='lat' dir='ltr'>non</span> <span class='ocrx_word' id='word_1_107' title='bbox 983 1785 1092 1841; x_wconf 87' lang='lat' dir='ltr'>cetera</span> <span class='ocrx_word' id='word_1_108' title='bbox 1115 1775 1245 1851; x_wconf 85' lang='lat' dir='ltr'>desunt,</span> 
     </span>
     <span class='ocr_line' id='line_1_15' title="bbox 210 1884 1114 1968; baseline -0.003 -17"><span class='ocrx_word' id='word_1_109' title='bbox 210 1920 213 1924; x_wconf 92' lang='lat'><em>·</em></span> <span class='ocrx_word' id='word_1_110' title='bbox 248 1908 307 1951; x_wconf 90' lang='lat' dir='ltr'>uec</span> <span class='ocrx_word' id='word_1_111' title='bbox 327 1886 415 1952; x_wconf 91' lang='lat' dir='ltr'>cedit</span> <span class='ocrx_word' id='word_1_112' title='bbox 436 1886 499 1950; x_wconf 91' lang='lat' dir='ltr'>nisi</span> <span class='ocrx_word' id='word_1_113' title='bbox 524 1895 613 1952; x_wconf 90' lang='lat' dir='ltr'>sorte</span> <span class='ocrx_word' id='word_1_114' title='bbox 634 1885 741 1951; x_wconf 90' lang='lat' dir='ltr'>mihi?</span> <span class='ocrx_word' id='word_1_115' title='bbox 788 1885 855 1951; x_wconf 89' lang='lat' dir='ltr'>Sed</span> <span class='ocrx_word' id='word_1_116' title='bbox 876 1894 971 1951; x_wconf 91' lang='lat' dir='ltr'>tanta</span> <span class='ocrx_word' id='word_1_117' title='bbox 992 1884 1114 1968; x_wconf 95' lang='lat' dir='ltr'>cupido</span> 
     </span>
    </p>

    <p class='ocr_par' dir='ltr' id='par_1_10' title="bbox 246 1992 1340 2188">
     <span class='ocr_line' id='line_1_16' title="bbox 248 1992 1340 2078; baseline -0.001 -20"><span class='ocrx_word' id='word_1_118' title='bbox 248 1994 275 2058; x_wconf 91' lang='lat' dir='ltr'>si</span> <span class='ocrx_word' id='word_1_119' title='bbox 298 1994 358 2059; x_wconf 92' lang='lat' dir='ltr'>tibi</span> <span class='ocrx_word' id='word_1_120' title='bbox 383 1993 513 2059; x_wconf 90' lang='lat' dir='ltr'>discidii</span> <span class='ocrx_word' id='word_1_121' title='bbox 538 2004 598 2071; x_wconf 90' lang='lat' dir='ltr'>est,</span> <span class='ocrx_word' id='word_1_122' title='bbox 623 2003 749 2078; x_wconf 89' lang='lat' dir='ltr'>repetet</span> <span class='ocrx_word' id='word_1_123' title='bbox 774 1994 977 2078; x_wconf 88' lang='lat' dir='ltr'>Proserpina</span> <span class='ocrx_word' id='word_1_124' title='bbox 1000 1992 1139 2070; x_wconf 89' lang='lat' dir='ltr'>caelum,</span> <span class='ocrx_word' id='word_1_125' title='bbox 1301 2007 1340 2049; x_wconf 75' lang='lat'>⁵³⁰</span> 
     </span>
     <span class='ocr_line' id='line_1_17' title="bbox 246 2102 1006 2188; baseline 0.001 -21"><span class='ocrx_word' id='word_1_126' title='bbox 246 2104 320 2188; x_wconf 89' lang='lat' dir='ltr'>lege</span> <span class='ocrx_word' id='word_1_127' title='bbox 339 2113 453 2169; x_wconf 88' lang='lat' dir='ltr'>tamen</span> <span class='ocrx_word' id='word_1_128' title='bbox 473 2112 575 2181; x_wconf 88' lang='lat' dir='ltr'>certa,</span> <span class='ocrx_word' id='word_1_129' title='bbox 596 2103 624 2168; x_wconf 91' lang='lat' dir='ltr'>si</span> <span class='ocrx_word' id='word_1_130' title='bbox 644 2104 755 2169; x_wconf 89' lang='lat' dir='ltr'>nullos</span> <span class='ocrx_word' id='word_1_131' title='bbox 775 2102 919 2187; x_wconf 91' lang='lat' dir='ltr'>contigit</span> <span class='ocrx_word' id='word_1_132' title='bbox 939 2102 1006 2168; x_wconf 94' lang='lat' dir='ltr'>illic</span> 
     </span>
    </p>

    <p class='ocr_par' dir='ltr' id='par_1_11' title="bbox 246 2209 1244 2290">
     <span class='ocr_line' id='line_1_18' title="bbox 246 2209 1244 2290; baseline -0.003 -12"><span class='ocrx_word' id='word_1_133' title='bbox 246 2233 306 2278; x_wconf 91' lang='lat' dir='ltr'>ore</span> <span class='ocrx_word' id='word_1_134' title='bbox 329 2212 438 2290; x_wconf 92' lang='lat' dir='ltr'>cibos;</span> <span class='ocrx_word' id='word_1_135' title='bbox 462 2234 541 2277; x_wconf 87' lang='lat' dir='ltr'>nam</span> <span class='ocrx_word' id='word_1_136' title='bbox 567 2212 614 2278; x_wconf 90' lang='lat' dir='ltr'>sic</span> <span class='ocrx_word' id='word_1_137' title='bbox 641 2213 826 2278; x_wconf 87' lang='lat' dir='ltr'>Parcarum</span> <span class='ocrx_word' id='word_1_138' title='bbox 852 2211 987 2278; x_wconf 84' lang='lat' dir='ltr'>foedere</span> <span class='ocrx_word' id='word_1_139' title='bbox 1011 2221 1148 2278; x_wconf 88' lang='lat' dir='ltr'>cautum</span> <span class='ocrx_word' id='word_1_140' title='bbox 1172 2209 1244 2276; x_wconf 83' lang='lat' dir='ltr'>est’</span> 
     </span>
    </p>

    <p class='ocr_par' dir='ltr' id='par_1_12' title="bbox 292 2321 1220 2388">
     <span class='ocr_line' id='line_1_19' title="bbox 292 2321 1220 2388; baseline -0.001 -2"><span class='ocrx_word' id='word_1_141' title='bbox 292 2322 447 2388; x_wconf 86' lang='lat' dir='ltr'>Dixerat.</span> <span class='ocrx_word' id='word_1_142' title='bbox 495 2322 543 2386; x_wconf 90' lang='lat' dir='ltr'>At</span> <span class='ocrx_word' id='word_1_143' title='bbox 567 2321 683 2388; x_wconf 89' lang='lat' dir='ltr'>Cereri</span> <span class='ocrx_word' id='word_1_144' title='bbox 707 2332 836 2388; x_wconf 90' lang='lat' dir='ltr'>certum</span> <span class='ocrx_word' id='word_1_145' title='bbox 859 2333 909 2388; x_wconf 92' lang='lat' dir='ltr'>est</span> <span class='ocrx_word' id='word_1_146' title='bbox 931 2322 1072 2388; x_wconf 87' lang='lat' dir='ltr'>educere</span> <span class='ocrx_word' id='word_1_147' title='bbox 1095 2331 1220 2386; x_wconf 88' lang='lat' dir='ltr'>natam.</span> 
     </span>
    </p>

    <p class='ocr_par' dir='ltr' id='par_1_13' title="bbox 247 2431 1077 2516">
     <span class='ocr_line' id='line_1_20' title="bbox 247 2431 1077 2516; baseline -0.001 -19"><span class='ocrx_word' id='word_1_148' title='bbox 247 2433 327 2498; x_wconf 93' lang='lat' dir='ltr'>Non</span> <span class='ocrx_word' id='word_1_149' title='bbox 347 2431 393 2497; x_wconf 91' lang='lat' dir='ltr'>ita</span> <span class='ocrx_word' id='word_1_150' title='bbox 414 2431 487 2497; x_wconf 83' lang='lat' dir='ltr'>lata</span> <span class='ocrx_word' id='word_1_151' title='bbox 506 2431 631 2510; x_wconf 85' lang='lat' dir='ltr'>sinunt,</span> <span class='ocrx_word' id='word_1_152' title='bbox 651 2432 814 2516; x_wconf 90' lang='lat' dir='ltr'>quoniam</span> <span class='ocrx_word' id='word_1_153' title='bbox 834 2431 958 2497; x_wconf 90' lang='lat' dir='ltr'>ieiunia</span> <span class='ocrx_word' id='word_1_154' title='bbox 978 2431 1077 2516; x_wconf 86' lang='lat' dir='ltr'>virgo</span> 
     </span>
    </p>

    <p class='ocr_par' dir='ltr' id='par_1_14' title="bbox 246 2539 1342 2844">
     <span class='ocr_line' id='line_1_21' title="bbox 246 2539 1342 2624; baseline -0.008 -17"><span class='ocrx_word' id='word_1_155' title='bbox 246 2541 402 2621; x_wconf 89' lang='lat' dir='ltr'>solverat,</span> <span class='ocrx_word' id='word_1_156' title='bbox 423 2551 456 2607; x_wconf 97' lang='lat' dir='ltr'>et</span> <span class='ocrx_word' id='word_1_157' title='bbox 476 2541 575 2607; x_wconf 89' lang='lat' dir='ltr'>cultis</span> <span class='ocrx_word' id='word_1_158' title='bbox 594 2542 676 2606; x_wconf 92' lang='lat' dir='ltr'>dum</span> <span class='ocrx_word' id='word_1_159' title='bbox 697 2541 840 2624; x_wconf 89' lang='lat' dir='ltr'>simplex</span> <span class='ocrx_word' id='word_1_160' title='bbox 859 2549 950 2605; x_wconf 87' lang='lat' dir='ltr'>errat</span> <span class='ocrx_word' id='word_1_161' title='bbox 970 2540 1004 2604; x_wconf 95' lang='lat' dir='ltr'>in</span> <span class='ocrx_word' id='word_1_162' title='bbox 1024 2539 1142 2616; x_wconf 90' lang='lat' dir='ltr'>hortis,</span> <span class='ocrx_word' id='word_1_163' title='bbox 1302 2555 1342 2597; x_wconf 69' lang='lat' dir='ltr'>aas</span> 
     </span>
     <span class='ocr_line' id='line_1_22' title="bbox 247 2649 1129 2733; baseline -0.002 -19"><span class='ocrx_word' id='word_1_164' title='bbox 247 2649 449 2716; x_wconf 89' lang='lat' dir='ltr'>Poeniceum</span> <span class='ocrx_word' id='word_1_165' title='bbox 474 2671 577 2715; x_wconf 86' lang='lat' dir='ltr'>curva</span> <span class='ocrx_word' id='word_1_166' title='bbox 602 2649 811 2732; x_wconf 89' lang='lat' dir='ltr'>decerpserat</span> <span class='ocrx_word' id='word_1_167' title='bbox 837 2649 955 2714; x_wconf 87' lang='lat' dir='ltr'>arbore</span> <span class='ocrx_word' id='word_1_168' title='bbox 980 2669 1129 2733; x_wconf 90' lang='lat' dir='ltr'>pomum,</span> 
     </span>
     <span class='ocr_line' id='line_1_23' title="bbox 246 2758 1078 2844; baseline -0.002 -20"><span class='ocrx_word' id='word_1_169' title='bbox 246 2770 446 2844; x_wconf 92' lang='lat' dir='ltr'>sumptaque</span> <span class='ocrx_word' id='word_1_170' title='bbox 463 2759 601 2844; x_wconf 91' lang='lat' dir='ltr'>pallenti</span> <span class='ocrx_word' id='word_1_171' title='bbox 620 2769 749 2842; x_wconf 88' lang='lat' dir='ltr'>septem</span> <span class='ocrx_word' id='word_1_172' title='bbox 768 2758 810 2824; x_wconf 91' lang='lat' dir='ltr'>de</span> <span class='ocrx_word' id='word_1_173' title='bbox 829 2758 952 2824; x_wconf 90' lang='lat' dir='ltr'>cortice</span> <span class='ocrx_word' id='word_1_174' title='bbox 970 2778 1078 2843; x_wconf 88' lang='lat' dir='ltr'>grana</span> 
     </span>
    </p>

    <p class='ocr_par' dir='ltr' id='par_1_15' title="bbox 246 2867 1221 3062">
     <span class='ocr_line' id='line_1_24' title="bbox 246 2867 1154 2953; baseline -0.002 -19"><span class='ocrx_word' id='word_1_175' title='bbox 246 2878 412 2953; x_wconf 90' lang='lat' dir='ltr'>presserat</span> <span class='ocrx_word' id='word_1_176' title='bbox 434 2890 493 2933; x_wconf 89' lang='lat' dir='ltr'>ore</span> <span class='ocrx_word' id='word_1_177' title='bbox 516 2890 587 2934; x_wconf 90' lang='lat' dir='ltr'>suo.</span> <span class='ocrx_word' id='word_1_178' title='bbox 636 2868 802 2950; x_wconf 89' lang='lat' dir='ltr'>Solusque</span> <span class='ocrx_word' id='word_1_179' title='bbox 825 2887 869 2932; x_wconf 89' lang='lat' dir='ltr'>ex</span> <span class='ocrx_word' id='word_1_180' title='bbox 891 2867 1048 2932; x_wconf 89' lang='lat' dir='ltr'>omnibus</span> <span class='ocrx_word' id='word_1_181' title='bbox 1071 2867 1154 2933; x_wconf 92' lang='lat' dir='ltr'>illud</span> 
     </span>
     <span class='ocr_line' id='line_1_25' title="bbox 246 2975 1221 3062; baseline -0.004 -18"><span class='ocrx_word' id='word_1_182' title='bbox 246 2979 457 3062; x_wconf 84' lang='lat' dir='ltr'>Ascalaphus</span> <span class='ocrx_word' id='word_1_183' title='bbox 481 2977 578 3057; x_wconf 89' lang='lat' dir='ltr'>vidit,</span> <span class='ocrx_word' id='word_1_184' title='bbox 602 2998 702 3062; x_wconf 90' lang='lat' dir='ltr'>quem</span> <span class='ocrx_word' id='word_1_185' title='bbox 725 2975 899 3060; x_wconf 91' lang='lat' dir='ltr'>quondam</span> <span class='ocrx_word' id='word_1_186' title='bbox 923 2975 1045 3042; x_wconf 92' lang='lat' dir='ltr'>dicitur</span> <span class='ocrx_word' id='word_1_187' title='bbox 1069 2975 1221 3059; x_wconf 89' lang='lat' dir='ltr'>Orphne,</span> 
     </span>
    </p>

    <p class='ocr_par' dir='ltr' id='par_1_16' title="bbox 222 3084 1341 3393">
     <span class='ocr_line' id='line_1_26' title="bbox 247 3084 1341 3170; baseline -0.009 -17"><span class='ocrx_word' id='word_1_188' title='bbox 247 3089 334 3153; x_wconf 90' lang='lat' dir='ltr'>inter</span> <span class='ocrx_word' id='word_1_189' title='bbox 361 3089 547 3154; x_wconf 88' lang='lat' dir='ltr'>Avernales</span> <span class='ocrx_word' id='word_1_190' title='bbox 574 3088 665 3152; x_wconf 93' lang='lat' dir='ltr'>haud</span> <span class='ocrx_word' id='word_1_191' title='bbox 693 3084 908 3170; x_wconf 89' lang='lat' dir='ltr'>ignotissima</span> <span class='ocrx_word' id='word_1_192' title='bbox 934 3085 1110 3170; x_wconf 85' lang='lat' dir='ltr'>nymphas,</span> <span class='ocrx_word' id='word_1_193' title='bbox 1302 3101 1341 3142; x_wconf 80' lang='lat'>540</span> 
     </span>
     <span class='ocr_line' id='line_1_27' title="bbox 244 3193 1073 3279; baseline -0.004 -17"><span class='ocrx_word' id='word_1_194' title='bbox 244 3219 287 3262; x_wconf 91' lang='lat' dir='ltr'>ex</span> <span class='ocrx_word' id='word_1_195' title='bbox 306 3197 499 3262; x_wconf 82' lang='lat' dir='ltr'>Acheronte</span> <span class='ocrx_word' id='word_1_196' title='bbox 516 3217 577 3262; x_wconf 90' lang='lat' dir='ltr'>suo</span> <span class='ocrx_word' id='word_1_197' title='bbox 596 3195 690 3261; x_wconf 92' lang='lat' dir='ltr'>silvis</span> <span class='ocrx_word' id='word_1_198' title='bbox 707 3195 876 3279; x_wconf 90' lang='lat' dir='ltr'>peperisse</span> <span class='ocrx_word' id='word_1_199' title='bbox 893 3193 955 3260; x_wconf 91' lang='lat' dir='ltr'>sub</span> <span class='ocrx_word' id='word_1_200' title='bbox 972 3193 1073 3260; x_wconf 91' lang='lat' dir='ltr'>atris:</span> 
     </span>
     <span class='ocr_line' id='line_1_28' title="bbox 222 3303 1055 3393; baseline -0.005 -21"><span class='ocrx_word' id='word_1_201' title='bbox 222 3307 341 3393; x_wconf 64' lang='lat' dir='ltr'>uidit,</span> <span class='ocrx_word' id='word_1_202' title='bbox 369 3316 401 3372; x_wconf 91' lang='lat' dir='ltr'>et</span> <span class='ocrx_word' id='word_1_203' title='bbox 428 3306 552 3372; x_wconf 92' lang='lat' dir='ltr'>indicio</span> <span class='ocrx_word' id='word_1_204' title='bbox 579 3305 723 3370; x_wconf 88' lang='lat' dir='ltr'>reditum</span> <span class='ocrx_word' id='word_1_205' title='bbox 750 3305 895 3370; x_wconf 87' lang='lat' dir='ltr'>crudelis</span> <span class='ocrx_word' id='word_1_206' title='bbox 921 3303 1055 3368; x_wconf 89' lang='lat' dir='ltr'>ademit.</span> 
     </span>
    </p>

    <p class='ocr_par' dir='ltr' id='par_1_17' title="bbox 247 3412 1109 3499">
     <span class='ocr_line' id='line_1_29' title="bbox 247 3412 1109 3499; baseline 0 -21"><span class='ocrx_word' id='word_1_207' title='bbox 247 3415 418 3499; x_wconf 88' lang='lat' dir='ltr'>Ingemuit</span> <span class='ocrx_word' id='word_1_208' title='bbox 441 3415 558 3499; x_wconf 89' lang='lat' dir='ltr'>regina</span> <span class='ocrx_word' id='word_1_209' title='bbox 583 3413 695 3491; x_wconf 90' lang='lat' dir='ltr'>Erebi,</span> <span class='ocrx_word' id='word_1_210' title='bbox 720 3423 905 3498; x_wconf 83' lang='lat' dir='ltr'>testemque</span> <span class='ocrx_word' id='word_1_211' title='bbox 929 3412 1109 3496; x_wconf 81' lang='lat' dir='ltr'>profanam</span> 
     </span>
    </p>
   </div>
   <div class='ocr_carea' id='block_1_3' title="bbox 247 3521 1341 3934">
    <p class='ocr_par' dir='ltr' id='par_1_18' title="bbox 247 3521 1269 3608">
     <span class='ocr_line' id='line_1_30' title="bbox 247 3521 1269 3608; baseline -0.003 -21"><span class='ocrx_word' id='word_1_212' title='bbox 247 3522 327 3588; x_wconf 83' lang='lat' dir='ltr'>fecit</span> <span class='ocrx_word' id='word_1_213' title='bbox 345 3545 455 3601; x_wconf 90' lang='lat' dir='ltr'>avem,</span> <span class='ocrx_word' id='word_1_214' title='bbox 475 3544 695 3608; x_wconf 88' lang='lat' dir='ltr'>sparsumque</span> <span class='ocrx_word' id='word_1_215' title='bbox 712 3532 813 3607; x_wconf 88' lang='lat' dir='ltr'>caput</span> <span class='ocrx_word' id='word_1_216' title='bbox 833 3522 1113 3606; x_wconf 85' lang='lat' dir='ltr'>Phlegethontide</span> <span class='ocrx_word' id='word_1_217' title='bbox 1132 3521 1269 3606; x_wconf 89' lang='lat' dir='ltr'>lympha</span> 
     </span>
    </p>

    <p class='ocr_par' dir='ltr' id='par_1_19' title="bbox 247 3630 1341 3816">
     <span class='ocr_line' id='line_1_31' title="bbox 248 3630 1341 3722; baseline -0.007 -26"><span class='ocrx_word' id='word_1_218' title='bbox 248 3634 282 3696; x_wconf 94' lang='lat' dir='ltr'>in</span> <span class='ocrx_word' id='word_1_219' title='bbox 305 3644 453 3698; x_wconf 88' lang='lat' dir='ltr'>rostrum</span> <span class='ocrx_word' id='word_1_220' title='bbox 474 3644 507 3698; x_wconf 91' lang='lat' dir='ltr'>et</span> <span class='ocrx_word' id='word_1_221' title='bbox 528 3634 659 3717; x_wconf 92' lang='lat' dir='ltr'>plumas</span> <span class='ocrx_word' id='word_1_222' title='bbox 681 3641 713 3695; x_wconf 88' lang='lat' dir='ltr'>et</span> <span class='ocrx_word' id='word_1_223' title='bbox 736 3630 880 3715; x_wconf 86' lang='lat' dir='ltr'>grandia</span> <span class='ocrx_word' id='word_1_224' title='bbox 903 3630 1030 3695; x_wconf 90' lang='lat' dir='ltr'>lumina</span> <span class='ocrx_word' id='word_1_225' title='bbox 1053 3630 1163 3695; x_wconf 88' lang='lat' dir='ltr'>vertit.</span> <span class='ocrx_word' id='word_1_226' title='bbox 1272 3718 1276 3722; x_wconf 27' lang='lat'><em>„</em></span> <span class='ocrx_word' id='word_1_227' title='bbox 1302 3646 1341 3688; x_wconf 74' lang='lat'>545</span> 
     </span>
     <span class='ocr_line' id='line_1_32' title="bbox 247 3739 999 3816; baseline -0.001 -11"><span class='ocrx_word' id='word_1_228' title='bbox 247 3741 308 3807; x_wconf 94' lang='lat' dir='ltr'>Ille</span> <span class='ocrx_word' id='word_1_229' title='bbox 329 3741 392 3807; x_wconf 93' lang='lat' dir='ltr'>sibi</span> <span class='ocrx_word' id='word_1_230' title='bbox 413 3742 544 3807; x_wconf 88' lang='lat' dir='ltr'>ablatus</span> <span class='ocrx_word' id='word_1_231' title='bbox 567 3740 672 3807; x_wconf 85' lang='lat' dir='ltr'>fulvis</span> <span class='ocrx_word' id='word_1_232' title='bbox 692 3739 849 3806; x_wconf 90' lang='lat' dir='ltr'>amicitur</span> <span class='ocrx_word' id='word_1_233' title='bbox 870 3739 905 3804; x_wconf 92' lang='lat' dir='ltr'>in</span> <span class='ocrx_word' id='word_1_234' title='bbox 926 3739 999 3816; x_wconf 77' lang='lat' dir='ltr'>aliS,</span> 
     </span>
    </p>

    <p class='ocr_par' dir='ltr' id='par_1_20' title="bbox 247 3847 1200 3934">
     <span class='ocr_line' id='line_1_33' title="bbox 247 3847 1200 3934; baseline -0.004 -20"><span class='ocrx_word' id='word_1_235' title='bbox 247 3850 347 3933; x_wconf 92' lang='lat' dir='ltr'>inque</span> <span class='ocrx_word' id='word_1_236' title='bbox 368 3860 468 3934; x_wconf 88' lang='lat' dir='ltr'>caput</span> <span class='ocrx_word' id='word_1_237' title='bbox 490 3850 619 3927; x_wconf 88' lang='lat' dir='ltr'>crescit,</span> <span class='ocrx_word' id='word_1_238' title='bbox 644 3850 830 3932; x_wconf 89' lang='lat' dir='ltr'>longosque</span> <span class='ocrx_word' id='word_1_239' title='bbox 854 3847 1035 3913; x_wconf 87' lang='lat' dir='ltr'>reflectitur</span> <span class='ocrx_word' id='word_1_240' title='bbox 1058 3867 1200 3931; x_wconf 89' lang='lat' dir='ltr'>ungues,</span> 
     </span>
    </p>
   </div>
   <div class='ocr_carea' id='block_1_4' title="bbox 0 0 1526 4475">
    <p class='ocr_par' dir='ltr' id='par_1_21' title="bbox 0 0 1526 4475">
     <span class='ocr_line' id='line_1_34' title="bbox 0 0 1526 4475; baseline 0 0"><span class='ocrx_word' id='word_1_241' title='bbox 0 0 1526 4475; x_wconf 95' lang='lat' dir='ltr'> </span> 
     </span>
    </p>
   </div>
   <div class='ocr_carea' id='block_1_5' title="bbox 1518 348 1522 2616">
    <p class='ocr_par' dir='ltr' id='par_1_22' title="bbox 1518 348 1522 2616">
     <span class='ocr_line' id='line_1_35' title="bbox 1518 348 1522 2616; baseline 0 0"><span class='ocrx_word' id='word_1_242' title='bbox 1518 348 1522 2616; x_wconf 95' lang='lat' dir='ltr'> </span> 
     </span>
    </p>
   </div>
  </div>
 </body>
</html>
