3042 4475
202 281 244 359 78
426 327 429 332 .
494 280 738 336 SELECTIONS
768 283 878 337 FROM
906 282 1005 337 OVID

206 458 338 545 Nempe
354 470 481 539 tenens,
500 462 590 545 quod
608 483 695 540 amo,
714 462 912 548 gremioque
929 462 963 527 in
982 462 1114 531 Iasonis
1131 462 1273 527 haerens

204 588 263 651 per
283 566 370 634 freta
391 569 493 653 longa
513 569 621 636 ferar:
641 570 724 634 nihil
744 571 839 636 illum
858 571 1013 655 amplexa
1034 570 1183 647 verebor,
1219 646 1223 654 Ι

206 687 275 757 aut,
298 677 408 763 siquid
429 689 589 758 metuam,
610 690 758 746 metuam
780 682 823 747 de
844 680 988 765 coniuge
1009 681 1140 746 solo.—

208 786 458 873 Coniugiumne
479 798 587 873 putas,
609 788 825 874 speciosaque
846 790 983 855 nomina
1004 790 1120 874 culpae

207 895 363 980 imponis,
388 897 521 974 Medea,
543 896 644 962 tuae?
688 897 782 982 Quin
804 897 949 982 adspice,
972 908 1136 982 quantum

207 1005 410 1091 adgrediare
429 1004 537 1085 nefas,
558 1017 601 1084 et,
622 1007 704 1072 dum
724 1007 810 1086 licet,
833 1006 947 1093 effuge
968 1006 1116 1073 crimen.'

254 1116 363 1195 Dixit,
384 1127 417 1183 et
436 1127 516 1183 ante
537 1118 652 1183 oculos
673 1129 802 1185 rectum
821 1118 993 1203 pietasque
1013 1118 1188 1202 pudorque

208 1225 437 1305 constiterant,
459 1238 492 1294 et
513 1227 602 1293 victa
625 1228 725 1294 dabat
746 1228 813 1294 iam
835 1238 931 1313 terga
953 1226 1096 1312 Cupido.
1188 1248 1191 1255 ·

255 1335 330 1402 Ibat
351 1336 395 1401 ad
417 1336 574 1420 antiquas
596 1337 743 1403 Hecates
766 1337 943 1403 Perseidos
966 1357 1052 1415 aras,

208 1468 292 1530 quas
314 1467 432 1512 nemus
454 1446 651 1514 umbrosum
673 1457 865 1530 secretaque
887 1445 972 1512 silva
993 1445 1136 1531 tegebat.

210 1555 255 1620 Et
274 1554 342 1620 iam
362 1553 461 1621 fortis
479 1564 562 1633 erat,
581 1555 764 1639 pulsusque
781 1555 949 1621 resederat
968 1554 1080 1632 ardor,

210 1686 286 1730 cum
310 1663 402 1729 videt
425 1662 631 1741 Aesoniden,
656 1664 888 1746 exstinctaque
913 1661 1048 1726 flamma
1073 1660 1205 1725 revixit.

211 1773 385 1838 Erubuere
406 1794 523 1857 genae,
545 1781 685 1856 totoque
706 1771 881 1838 recanduit
902 1792 971 1849 ore,

210 1893 313 1965 utque
333 1881 417 1947 solet
437 1882 546 1946 ventis
566 1882 724 1947 alimenta
744 1882 930 1958 adsumere,
952 1900 1102 1964 quaeque

210 2012 314 2075 parva
338 1990 400 2055 sub
424 1990 559 2055 inducta
585 1990 681 2055 latuit
706 1990 850 2056 scintilla
875 1988 1000 2067 favilla,

211 2118 367 2180 crescere,
392 2107 425 2163 et
450 2097 484 2162 in
509 2108 638 2163 veteres
662 2099 791 2182 agitata
817 2119 992 2182 resurgere
1016 2097 1115 2175 vires,

210 2205 258 2273 sic
279 2206 348 2273 iam
370 2206 479 2273 lentus
501 2228 606 2286 amor,
628 2207 695 2275 iam
716 2229 816 2293 quem
838 2209 998 2294 languere
1018 2216 1166 2293 putareS,

209 2326 247 2381 ut
265 2315 352 2382 vidit
371 2316 536 2395 iuvenem,
556 2316 667 2401 specie
683 2317 872 2401 praesentis
890 2315 1018 2382 inarsit.

212 2424 256 2490 Et
278 2445 358 2490 casu
380 2425 480 2491 solito
504 2424 688 2492 formosior
708 2427 844 2493 Aesone
863 2436 963 2492 natus

211 2534 268 2599 illa
289 2534 362 2601 luce
383 2533 467 2601 fuit:
488 2557 604 2620 posses
625 2535 802 2620 ignoscere
823 2535 961 2601 amanti.

213 2643 360 2728 Spectat,
381 2643 468 2710 etin
488 2645 584 2710 vultu
604 2644 706 2710 veluti
728 2656 801 2711 tum
822 2644 964 2728 denique
983 2643 1057 2709 viso

212 2753 339 2818 lumina
357 2752 427 2818 fixa
444 2763 546 2832 tenet,
565 2775 626 2820 nec
645 2775 681 2820 se
699 2754 855 2820 mortalia
876 2754 1012 2819 demens

211 2884 271 2928 ora
293 2861 407 2929 videre
426 2872 533 2948 putat,
554 2885 616 2928 nec
637 2885 673 2929 se
693 2862 837 2928 declinat
858 2862 901 2928 ab
921 2862 988 2926 illo.

210 2972 261 3038 Ut
281 2994 364 3039 vero
383 2972 557 3056 coepitque
577 2972 668 3056 loqui
688 2973 910 3055 dextramque
929 2969 1104 3055 prehendit

212 3082 344 3165 hospes,
367 3091 400 3146 et
423 3081 587 3145 auxilium
611 3079 777 3145 submissa
801 3101 882 3145 voce
905 3078 1048 3162 rogavit,

211 3189 433 3274 promisitque
454 3200 578 3267 torum,
603 3189 751 3255 lacrimis
775 3188 823 3254 ait
847 3188 903 3252 illa
927 3186 1095 3272 profusis:

213 3297 328 3382 ‘Quid
353 3296 488 3375 faciam,
510 3298 628 3364 video:
651 3318 712 3363 nec
734 3319 788 3362 me
811 3295 1003 3382 ignorantia
1026 3294 1096 3360 veri

213 3407 363 3492 decipiet,
387 3407 446 3472 sed
467 3428 573 3473 amor.
622 3406 808 3472 Servabere
828 3427 966 3471 munere
988 3414 1122 3470 nostro:

213 3526 364 3582 servatus
386 3515 553 3601 promissa
576 3514 677 3581 dato!
725 3516 792 3580 Per
813 3534 908 3579 sacra
929 3512 1097 3578 triformis

213 3625 268 3691 ille
287 3625 381 3703 deae,
403 3625 544 3709 lucoque
565 3624 653 3691 foret
673 3624 764 3707 quod
784 3643 909 3689 numen
930 3622 964 3686 in
986 3622 1054 3699 illo,

213 3753 337 3817 perque
356 3742 486 3817 patrem
506 3733 612 3798 soceri
633 3740 824 3798 cernentem
843 3740 962 3795 cuncta
985 3728 1103 3808 futuri,
1220 3757 1224 3766 ·

212 3850 419 3925 eventusque
437 3863 516 3908 suos
536 3850 569 3907 et
588 3850 683 3906 tanta
702 3838 850 3926 pericula
870 3839 968 3905 iurat.
