3042 4475
495 287 578 343 THE
606 286 967 343 METAMORPHOSES
1240 303 1276 349 21

181 469 240 535 the
259 468 343 534 bark
364 490 457 535 came
476 479 511 534 to
531 468 572 535 be
591 469 696 535 called
716 469 842 547 amber,
858 474 959 535 'worn
979 489 1057 535 now
1078 467 1122 554 by
1144 466 1277 533 Roman

182 598 315 643 women
339 598 377 641 as
401 598 444 642 an
468 578 674 662 ornament]

229 795 338 881 Regia
363 795 452 862 Solis
474 806 547 863 erat
569 796 767 863 sublimibus
786 796 855 863 alta
875 795 1052 875 columnis,

181 906 271 971 clara
292 906 439 971 micante
459 926 544 971 auro
564 905 958 1001 flammasquejmitante
976 927 1106 991 pyropo

181 1014 277 1079 cuius
298 1014 383 1079 ebur
403 1014 548 1079 nitidum
571 1013 710 1098 fastigia
730 1035 862 1079 summa
883 1014 1029 1099 tegebat,

180 1124 315 1207 argenti
337 1122 465 1189 bifores
487 1123 665 1190 radiabant
687 1122 815 1190 lumine
834 1124 963 1188 valvae.

182 1232 366 1298 Materiam
390 1232 572 1317 superabat
595 1253 698 1317 opus:
721 1252 802 1297 nam
826 1231 993 1298 Mulciber
1016 1232 1083 1298 illic
1263 1246 1278 1289 ὅ

180 1362 328 1425 aequora
348 1342 495 1407 caelarat
513 1341 642 1407 medias
661 1339 833 1427 cingentia
851 1352 969 1419 terras

180 1461 420 1536 terrarumque
441 1450 567 1529 orbem,
588 1452 787 1535 caelumque
805 1451 896 1535 quod
917 1450 1059 1516 inminet
1078 1450 1162 1516 orbi.

181 1560 364 1627 Caeruleos
385 1559 485 1626 habet
507 1560 597 1625 unda
619 1559 710 1638 deos,
734 1559 878 1625 Tritona
900 1580 1071 1637 canorum,

182 1669 375 1754 Proteaque
395 1669 605 1754 ambiguum,
628 1669 911 1753 balaenarumque
932 1679 1138 1753 prementem

181 1778 368 1863 Aegaeona
391 1779 461 1844 suis
481 1778 632 1845 inmania
653 1789 750 1866 terga
773 1778 914 1857 lacertis,

181 1888 381 1972 Doridaque
400 1899 433 1955 et
451 1899 560 1966 natas,
578 1909 722 1973 quarum
738 1909 817 1973 pars
835 1908 917 1954 nare
934 1886 1081 1965 videtur,

180 2019 260 2082 pars
280 1997 313 2062 in
333 1998 422 2064 mole
441 1998 560 2063 sedens
578 1997 704 2063 virides
723 1997 848 2063 siccare
865 1996 1014 2081 capillos,

180 2107 272 2191 pisce
288 2107 364 2173 vehi
382 2107 566 2192 quaedam;
586 2106 693 2173 iacies
710 2127 780 2172 non
797 2106 954 2172 omnibus
971 2127 1052 2183 una,

181 2239 251 2283 non
269 2216 402 2283 diversa
419 2227 543 2296 tamen,
561 2217 695 2302 qualem
712 2216 809 2283 decet
825 2238 898 2284 esse
916 2237 1081 2282 sororum.

181 2327 292 2392 Terra
309 2327 401 2393 viros
419 2327 583 2411 urbesque
599 2325 688 2412 gerit
705 2326 875 2411 silvasque
892 2326 1050 2411 ferasque

181 2436 389 2521 fluminaque
406 2447 439 2503 et
458 2437 623 2523 nymphas
641 2446 674 2502 et
691 2446 804 2503 cetera
821 2436 961 2502 numina
981 2436 1078 2502 ruris.

183 2547 279 2611 Haec
302 2566 402 2629 super
425 2545 583 2629 imposita
605 2556 655 2611 est
677 2545 758 2611 caeli
785 2544 946 2629 fulgentis
970 2545 1095 2628 imago,

181 2654 349 2740 signaque
368 2674 429 2720 sex
449 2653 579 2720 loribus
597 2654 727 2720 dextris
744 2654 951 2739 totidemque
969 2652 1125 2719 sinistris

227 2763 308 2848 Quo
329 2762 429 2828 simul
451 2761 568 2829 acclivi
591 2762 789 2848 Clymeneia
811 2762 916 2828 limite
937 2761 1049 2846 proles

181 2873 285 2949 venit,
311 2883 344 2937 et
369 2871 509 2937 intravit
533 2870 675 2937 dubitati
701 2881 789 2936 tecta
814 2871 971 2955 parentis,

181 2981 337 3065 protinus
360 2980 403 3046 ad
427 2980 555 3064 patrios
579 3001 639 3045 sua
665 2979 731 3045 lert
754 2979 899 3065 vestigia
923 2980 1047 3058 vultus,

180 3089 402 3174 consistitque
421 3089 556 3173 procul:
575 3109 685 3172 neque
704 3088 794 3155 enim
812 3089 970 3174 propiora
990 3088 1121 3154 ferebat

181 3199 320 3265 lumina.
373 3199 547 3284 Purpurea
572 3199 702 3265 velatus
726 3209 819 3265 veste
843 3199 978 3264 sedebat

181 3310 215 3373 in
236 3309 322 3374 solio
344 3309 499 3374 Phoebus
519 3308 619 3374 claris
639 3309 770 3375 lucente
789 3307 989 3392 smaragdis.

180 3418 213 3484 A
233 3418 355 3484 dextra
375 3419 539 3502 laevaque
555 3417 639 3483 Dies
657 3427 689 3484 et
710 3416 840 3482 Mensis
858 3427 891 3483 et
910 3417 1031 3482 Annus

181 3527 390 3611 Saeculaque
412 3536 445 3592 et
467 3525 596 3610 positae
620 3525 737 3610 spatiis
759 3525 953 3609 aequalibus
978 3525 1105 3602 Horae,

181 3635 320 3720 Verque
341 3656 469 3700 novum
493 3634 602 3700 stabat
623 3634 771 3700 cinctum
793 3633 933 3699 florente
954 3654 1097 3710 corona;

180 3744 293 3810 stabat
314 3744 407 3809 nuda
429 3743 553 3808 Aestas
575 3753 607 3809 et
631 3743 740 3827 spicea
763 3752 851 3808 serta
874 3742 1028 3827 gerebat;

178 3855 292 3920 stabat
310 3865 343 3920 et
363 3852 573 3931 Autumnus,
591 3851 728 3918 calcatis
748 3851 906 3918 sordidus
924 3850 1010 3928 uvis,

365 3951 381 4000 5
