3042 4475
247 262 286 325 16
534 264 780 321 SELECTIONS
809 267 920 323 FROM
948 268 1048 323 OVID

247 444 324 509 Hoc
343 444 426 510 deus
445 444 480 509 in
498 446 646 530 nympha
668 447 815 514 Peneide
832 446 918 526 fixit,
938 459 973 514 at
993 449 1050 514 illo

246 553 342 618 laesit
362 553 559 638 Apollineas
580 555 718 621 traiecta
738 578 799 641 per
819 578 896 621 ossa
917 557 1090 623 medullas,

248 662 407 728 Protinus
427 664 512 729 alter
532 674 635 742 amat,
659 664 749 749 iugit
770 666 879 731 altera
901 656 1028 731 nomen
1045 668 1203 747 amantis,

247 772 409 837 silvarum
432 771 578 838 tenebris
601 773 879 859 captivarumque
902 775 1051 841 ferarum
1301 792 1340 835 4⁷⁵

245 880 378 945 exuviis
401 881 563 965 gaudem,
589 881 814 967 innuptaeque
837 885 968 949 aemula
994 885 1154 951 Phoebes.

246 987 343 1053 Vitta
362 990 537 1056 coercebat
555 990 683 1075 positos
702 991 775 1058 sine
793 993 869 1077 lege
884 992 1032 1077 capillos,

245 1097 348 1163 Multi
366 1097 459 1163 illam
476 1098 613 1182 petiere,
632 1099 688 1164 illa
703 1111 859 1167 aversata
874 1112 1031 1186 petentes

245 1206 425 1291 impatiens
444 1229 630 1293 expersque
649 1208 713 1274 viri
733 1229 872 1275 nemora
891 1210 968 1275 avia
987 1213 1118 1289 lustrat,

246 1338 306 1382 nec
322 1316 402 1400 quid
420 1316 568 1400 Hymen,
585 1316 667 1401 quid
682 1339 788 1396 amor,
807 1319 887 1403 quid
904 1319 971 1385 sint
987 1319 1140 1398 conubia,
1157 1330 1262 1387 curat.
1301 1336 1341 1379 ⁴⁸⁰

247 1424 355 1509 Saepe
375 1435 469 1509 pater
491 1424 580 1491 dixit
603 1425 796 1492 ‘Generum
818 1427 913 1505 mihi,
936 1428 1014 1507 filia,
1031 1428 1158 1507 debes,’

246 1554 343 1618 saepe
364 1544 459 1617 pater
481 1533 569 1599 dixit
593 1534 727 1600 ‘Debes
748 1536 842 1615 mihi,
867 1546 956 1615 nata,
980 1548 1117 1621 nepotes
1131 1537 1158 1605 ’:

245 1641 313 1720 illa,
332 1643 424 1709 velut
442 1641 571 1709 crimen
589 1644 705 1709 taedas
723 1666 828 1710 exosa
846 1644 986 1731 iugales,

245 1751 383 1836 pulchra
407 1752 597 1819 verecundo
619 1752 830 1820 suffunditur
850 1775 910 1819 ora
933 1756 1067 1834 rubore,

246 1862 346 1945 inque
369 1860 475 1946 patris
498 1860 631 1927 blandis
655 1862 796 1927 haerens
820 1863 949 1929 cervice
973 1865 1115 1943 lacertis,
1302 1880 1341 1923 485

245 1968 323 2033 ‘Da
346 1968 429 2034 mihi
452 1979 623 2053 perpetua,
647 1968 783 2054 genitor
804 1971 998 2050 carissime‚'
1023 1973 1110 2040 dixit

245 2076 466 2162 ‘virginitate
488 2076 576 2145 frui:
599 2078 691 2147 dedit
713 2079 779 2145 hoc
799 2091 896 2165 pater
918 2092 998 2147 ante
1019 2082 1178 2148 Dianae.’

245 2186 307 2254 Ille
323 2186 459 2273 quidem
474 2187 682 2274 obsequitur,
699 2188 760 2255 sed
778 2201 812 2256 te
830 2190 932 2256 decor
948 2190 1010 2259 iste
1027 2192 1117 2277 quod
1134 2203 1231 2277 optas

245 2319 316 2363 esse
338 2307 440 2376 vetat,
462 2309 609 2382 votoque
629 2308 688 2364 tuo
709 2308 770 2364 tua
793 2297 904 2365 forma
926 2312 1110 2386 repugnat:

247 2407 402 2472 Phoebus
421 2416 523 2486 amat,
544 2407 703 2492 visaeque
721 2407 814 2495 cupit
833 2407 975 2474 conubia
996 2408 1166 2493 Daphnes,
1303 2426 1342 2468 4⁹0

245 2515 401 2599 quodque
418 2515 520 2599 cupit,
538 2525 661 2600 sperat,
680 2537 808 2600 suaque
827 2516 922 2583 illum
940 2507 1075 2583 oracula
1095 2517 1226 2584 fallunt.

246 2624 363 2708 thue
386 2624 478 2690 leves
501 2624 646 2708 stipulae
666 2625 812 2710 demptis
833 2626 1013 2692 adolentur
1034 2625 1159 2705 aristis,

246 2743 283 2798 ut
305 2733 436 2799 lacibus
457 2754 572 2817 saepes
592 2734 722 2813 ardent,
744 2757 829 2819 quas
851 2734 941 2801 forte
960 2735 1070 2801 viator

246 2843 298 2908 vel
319 2842 420 2907 nimis
439 2841 592 2910 admovit
611 2844 665 2908 vel
686 2843 753 2908 iam
774 2843 836 2910 sub
855 2844 928 2909 luce
948 2843 1095 2927 reliquit,

248 2952 295 3017 sic
311 2952 393 3016 deus
411 2951 445 3016 in
461 2951 615 3018 flammas
632 2952 724 3031 abiit,
744 2952 792 3019 sic
810 2963 944 3038 pectore
960 2963 1033 3018 toto

247 3061 356 3126 uritur
373 3069 406 3127 et
423 3061 570 3128 sterilem
588 3062 756 3148 sperando
772 3062 879 3128 nutrit
896 3083 1059 3127 amorem.

249 3170 386 3255 Spectat
405 3170 580 3236 inornatos
597 3171 685 3238 collo
702 3171 848 3255 pendere
865 3171 1013 3256 capillos

247 3289 279 3346 et
300 3279 426 3366 ‘Quid
448 3279 475 3345 si
496 3278 718 3345 comantur?’
740 3279 797 3371 ait.
842 3279 947 3345 Videt
968 3279 1047 3364 igne
1067 3280 1229 3346 micantes

248 3388 413 3455 sideribus
434 3387 559 3454 similes
580 3388 706 3467 oculos,
727 3387 819 3454 videt
839 3390 964 3467 oscula,
985 3410 1073 3473 quae
1095 3410 1164 3454 non

249 3483 299 3563 est
315 3497 440 3563 vidisse
458 3496 557 3574 satis;
575 3497 690 3562 laudat
707 3495 900 3581 digitosque
914 3518 1109 3581 manusque.
1304 3514 1344 3556 soo
1420 3575 1430 3589 .

250 3606 311 3671 Illa
332 3605 431 3690 iugit,
453 3626 559 3690 neque
578 3606 621 3670 ad
640 3606 722 3670 haec
742 3605 931 3670 revocantis
951 3605 1052 3670 verba
1072 3605 1216 3672 resistit:
1303 3621 1344 3665 toa

296 3712 304 3740 ‘
320 3714 490 3798 Nympha,
507 3734 635 3797 precor,
655 3714 768 3790 Penei,
786 3711 901 3777 mane!
943 3713 1023 3777 Non
1040 3713 1198 3798 insequor
1214 3714 1342 3782 hostis:

250 3824 407 3912 nympha,
427 3822 542 3892 mane!
586 3821 643 3890 Sic
660 3843 750 3909 agna
770 3822 895 3908 lupum,
916 3817 963 3888 sic
981 3842 1079 3888 cerva
1098 3823 1237 3905 leonem,
1303 3839 1344 3885 ωε
