3042 4475
209 291 268 354 142
497 278 741 334 SELECTIONS
770 279 881 334 FROM
909 280 1008 335 OVID

210 459 255 525 Et
270 460 345 527 licet
362 459 501 545 antiquo
516 460 672 527 manibus
684 461 838 528 conlatus
856 462 949 547 Epeo
1046 504 1048 511 ·

254 569 297 635 sit
317 569 420 653 prior,
442 569 528 635 irata
548 569 687 636 Pallade
706 591 847 637 mancus
867 570 939 637 erit.

210 676 283 744 Vos
301 699 443 763 quoque,
466 678 621 744 Phoebea
642 678 778 745 morbos
798 678 854 763 qui
874 679 997 763 pellitis
1018 690 1100 759 arte,

254 807 394 851 munera
417 787 460 853 de
483 786 606 853 vestris
628 808 734 872 pauca
759 786 884 854 reierte
906 789 998 854 deae.

210 894 283 962 Nec
298 917 369 973 vos,
386 895 485 962 turba
503 895 576 962 fere
591 917 693 962 censu
712 894 881 975 fraudata,
900 896 1066 983 magistri,

255 1003 417 1088 spernite:
444 1004 625 1089 discipulos
650 1004 791 1071 attrahit
815 1004 871 1071 illa
897 1026 1020 1084 novos;

208 1108 331 1193 quique
352 1130 468 1175 moves
490 1110 629 1189 caelum,
653 1109 867 1195 tabulamque
888 1110 1056 1177 coloribus
1079 1112 1160 1190 uris,

254 1216 377 1302 quique
400 1217 484 1284 facis
506 1218 605 1284 docta
626 1218 742 1284 mollia
765 1240 848 1284 saxa
870 1239 981 1285 manu.

209 1326 306 1392 Mille
324 1327 386 1392 dea
405 1337 456 1392 est
473 1347 622 1411 operum.
668 1326 768 1393 Certe
786 1329 848 1395 dea
866 1328 1024 1395 carminis
1046 1328 1101 1393 illa
1119 1338 1179 1394 est.

256 1436 292 1502 Si
313 1456 453 1514 mereor,
472 1435 593 1502 studiis
611 1436 699 1503 adsit
718 1436 826 1503 amica
844 1437 944 1503 meis!

210 1544 343 1611 Caelius
364 1567 407 1611 ex
429 1545 498 1610 alto
518 1566 584 1629 qua
604 1566 704 1611 mons
725 1545 896 1610 descendit
918 1544 952 1610 in
974 1566 1127 1630 aequum,

255 1653 309 1720 hic
327 1654 383 1720 ubi
402 1676 472 1719 non
491 1654 591 1737 plana
609 1664 670 1732 est,
690 1654 748 1720 sed
766 1675 870 1739 prope
887 1654 989 1739 plana
1006 1653 1074 1733 via,

210 1786 315 1849 parva
333 1764 409 1830 lieet
427 1763 544 1829 videas
563 1762 692 1848 Captae
711 1763 850 1829 delubra
868 1763 1059 1842 Minervae,

257 1894 343 1958 quae
363 1873 425 1938 dea
447 1872 552 1937 natali
574 1870 685 1956 coepit
706 1871 830 1939 habere
851 1892 922 1939 suo.

213 1980 372 2047 Nominis
390 1981 425 2046 in
445 1980 547 2047 dubio
564 2001 666 2047 causa
684 1991 743 2047 est.
786 1980 938 2066 Capitale
954 2001 1115 2047 vocamus

257 2090 430 2176 ingenium
451 2090 585 2169 sollers;
607 2090 785 2175 ingeniosa
805 2091 868 2156 dea
885 2100 944 2156 est.

212 2200 270 2266 An
287 2200 366 2286 quia
384 2201 426 2266 de
443 2198 562 2285 capitis
582 2198 690 2267 fertur
709 2200 780 2266 sine
799 2210 906 2267 matre
922 2199 1052 2285 paterni

257 2310 382 2376 vertice
404 2331 481 2375 cum
504 2309 611 2394 clipeo
633 2308 829 2394 prosiluisse
852 2309 936 2376 suo?

212 2420 270 2485 An
285 2419 365 2504 quia
378 2418 576 2503 perdomitis
591 2419 635 2484 ad
650 2440 712 2484 nos
726 2418 859 2502 captiva
874 2418 1014 2485 Faliscis

258 2527 373 2594 venit?
418 2527 463 2593 Et
485 2527 548 2593 hoc
571 2527 680 2611 ipsum
703 2527 814 2592 littera
836 2527 946 2611 prisca
967 2528 1073 2594 docet.

214 2638 270 2702 An
289 2637 379 2721 qnod
397 2636 497 2702 habet
513 2637 631 2722 legem,
653 2635 772 2720 capitis
789 2657 875 2721 quae
891 2637 1034 2722 pendere
1052 2658 1177 2722 poenas

258 2767 303 2811 ex
325 2745 382 2812 illo
403 2745 515 2812 iubeat
538 2745 629 2811 furta
650 2756 781 2830 reperta
802 2745 898 2811 loco?

214 2857 247 2921 A
267 2876 475 2940 quacumque
495 2855 601 2920 trahis
622 2855 752 2920 ratione
770 2855 942 2932 vocabula,
966 2855 1089 2942 Pallas,

258 2987 319 3049 pro
338 2964 621 3031 ducibus'nostris
640 2965 762 3050 aegida
782 2986 914 3050 semper
932 2963 1033 3031 habe!
