3042 4475
234 258 276 339 76
524 258 769 313 SELECTIONS
791 216 908 313 ⁴FROM
936 258 1035 313 OV1D

236 437 385 503 Phineus
407 439 500 504 visus
522 449 604 517 erat,
628 439 832 523 iuvenesque
852 439 1022 523 Aquilone
1043 438 1146 505 creati

237 546 408 630 virgineas
432 532 584 614 volucres
607 548 721 614 miseri
746 547 835 613 senis
858 569 916 613 ore
941 548 1120 632 fugarant3

234 656 408 740 multaque
427 656 574 741 perpessi
595 657 686 723 claro
707 657 769 723 sub
790 656 913 723 Iasone
932 658 1070 723 tandem

234 764 447 850 contigerant
473 765 608 851 rapidas
633 765 743 831 limosi
770 765 927 831 Phasidis
952 767 1069 832 undas.

236 874 394 957 Dumque
413 875 538 939 adeunt
558 895 682 960 regem,
704 875 920 959 Phrixeaque
939 875 1061 940 vellera
1081 884 1234 960 poscunt,

236 982 357 1066 lexque
375 983 475 1048 datur
496 983 626 1069 Minyis
646 1004 851 1069 magnorum
871 984 1040 1050 horrenda
1061 984 1225 1063 laborum,

234 1092 380 1176 concipit
403 1093 529 1158 interea
552 1093 683 1159 validos
704 1092 843 1159 Aeetias
864 1092 971 1179 ignes.

236 1201 281 1266 Et
307 1201 432 1266 luctata
458 1200 527 1280 diu,
553 1211 733 1286 postquam
758 1201 890 1268 ratione
916 1200 1066 1268 furorem
1301 1217 1328 1261 ιο

237 1310 370 1375 vincere
392 1332 461 1375 non
484 1319 626 1395 poterat,
653 1309 827 1388 ‘Frustra,
853 1311 985 1389 Medea,
1012 1331 1198 1396 repugnas:
1329 1316 1333 1321 '

234 1418 347 1485 nescio
365 1418 440 1503 quis
458 1419 540 1485 deus
557 1417 689 1485 obstat’
708 1418 755 1485 ait
765 1440 773 1497 ;
792 1418 799 1445 ‘
814 1418 1013 1503 mirumque,
1032 1419 1096 1485 nisi
1114 1420 1178 1485 hoc
1195 1430 1255 1499 est,

235 1538 293 1594 aut
317 1528 445 1612 aliquid
468 1537 557 1594 certe
581 1528 689 1594 simile
712 1528 801 1607 huic,
825 1530 917 1612 quod
941 1551 1058 1596 amare
1083 1540 1232 1595 vocatur.

237 1639 328 1704 Nam
350 1660 411 1704 cur
432 1638 523 1704 iussa
545 1638 652 1723 patris
674 1638 817 1703 nimium
840 1638 922 1703 mihi
946 1639 1031 1703 dura
1044 1638 1234 1726 ¹videntur?

239 1748 326 1815 Sunt
356 1768 491 1832 quoque
520 1748 606 1813 dura
637 1747 747 1812 nimis.
806 1746 887 1826 Cur,
919 1768 1019 1831 quem
1050 1748 1153 1813 modo
1185 1748 1328 1832 denique

329 1856 411 1935 vidi,
1302 1872 1328 1915 15

237 1988 279 2031 ne
303 1952 427 2051 pereat,
452 1966 579 2031 timeo?
625 1967 725 2051 Quae
747 1966 833 2032 tanti
859 1987 961 2031 causa
986 1965 1142 2031 timoris?

236 2076 369 2141 Excute
392 2075 547 2161 virgineo
571 2085 748 2161 conceptas
772 2087 906 2161 pectore
930 2076 1095 2155 flammas

236 2186 264 2251 si
286 2194 391 2271 potes,
414 2184 538 2251 infelix
548 2184 641 2252 t—Si
663 2206 807 2270 possem,
829 2185 944 2252 sanior
965 2206 1081 2252 essem.

237 2296 305 2364 Sed
323 2304 446 2382 gravat
465 2295 607 2361 invitam
626 2317 715 2361 nova
735 2294 798 2373 vis,
818 2294 978 2379 aliudque
996 2295 1128 2379 cupid0,

233 2427 330 2472 mens
349 2405 441 2471 aliud
461 2406 588 2471 suadet.
633 2404 745 2471 Video
764 2404 904 2470 meliora
922 2405 1104 2489 proboque,
1303 2421 1329 2462 2⁰

236 2515 403 2582 deteriora
426 2536 557 2599 sequor.
603 2514 697 2600 Quid
720 2513 754 2578 in
777 2513 918 2598 hospite,
942 2514 1043 2599 regia·
1057 2514 1167 2600 virg0,

236 2624 354 2702 ureriS,
378 2633 411 2689 et
434 2624 601 2689 thalamos
623 2623 723 2688 alieni
746 2622 894 2708 concipis
917 2622 1031 2688 orbis?

237 2733 333 2798 Haec
347 2754 481 2816 quoque
494 2743 583 2799 terra
598 2742 721 2817 potest,
736 2733 827 2816 quod
843 2743 946 2810 ames,
963 2733 1051 2798 dare.
1091 2733 1198 2799 Vivat
1214 2755 1257 2798 an
1273 2733 1328 2798 ille

237 2841 377 2920 occidat,
400 2841 434 2905 in
455 2841 508 2906 dis
529 2851 588 2906 est.
635 2841 741 2907 Vivat
763 2841 892 2906 tamen!
939 2841 1045 2925 quue
1066 2842 1194 2925 precari

237 2950 289 3015 vel
312 2949 384 3016 sine
405 2971 520 3017 amore
541 2949 635 3015 lieet:
657 2949 738 3033 quid
760 2950 850 3015 enirn
873 2950 1041 3016 commisit
1064 2950 1189 3016 Iason?
1303 2968 1329 3009 rs

237 3059 359 3144 Quem,
381 3059 445 3124 nisi
467 3059 646 3137 crudelem,
668 3081 737 3124 non
758 3069 879 3145 tangat
900 3058 1032 3125 Iasonis
1053 3070 1145 3125 aetas

237 3179 270 3234 et
291 3189 398 3253 genus
419 3179 451 3234 et
473 3168 604 3235 virtus?
649 3168 764 3253 Quem
785 3190 863 3247 non,
885 3178 923 3234 ut
943 3179 1052 3234 cetera
1073 3168 1193 3246 desint,

236 3301 297 3345 ore
316 3300 452 3345 movere
473 3279 606 3364 potest?
651 3278 751 3345 Certe
773 3299 848 3343 mea
870 3287 1005 3361 pectora
1028 3276 1144 3343 movit.

238 3388 286 3453 At
310 3387 374 3452 nisi
400 3409 497 3471 opem
523 3388 642 3464 tuler0,
667 3397 844 3452 taurorum
869 3381 1049 3450 adflabitur
1073 3405 1142 3462 ore,

237 3505 478 3580 concurretque
496 3517 576 3562 suae
596 3496 712 3581 segeti,
733 3496 854 3561 tellure
873 3494 993 3561 creatis
1306 3514 1331 3556 n

236 3604 399 3683 hostibus,
420 3617 479 3672 aut
500 3606 602 3671 avido
624 3605 762 3671 dabitur
782 3603 854 3670 fera
875 3604 999 3691 praeda
1022 3601 1171 3669 draconi.

239 3713 317 3778 Hoc
338 3736 402 3800 ego
424 3715 451 3778 si
474 3714 594 3799 patiar,
616 3724 689 3780 tum
710 3736 765 3780 me
786 3714 829 3779 de
849 3712 974 3796 tigride
994 3723 1122 3792 natam,

238 3832 311 3888 turn
334 3824 461 3892 ferrum
484 3833 516 3889 et
539 3824 693 3911 scopulos
714 3834 847 3911 gestare
870 3823 904 3888 in
926 3822 1026 3891 corde
1048 3821 1190 3892 fatebor.
