3042 4475
245 207 305 274 130
533 187 777 250 satscarons
806 193 916 251 anon
945 195 1044 251 0le

289 374 336 440 At
364 397 438 441 mea
462 374 523 459 pro
549 376 642 441 nullo
666 376 814 461 pondere
839 377 940 443 verba
966 377 1098 443 cadunt.

245 482 316 548 Nec
341 493 453 549 tamen
479 484 647 569 indignor.
699 485 771 550 Nec
796 507 849 551 me
874 507 936 570 pro
961 486 1104 570 coniuge
1128 486 1218 571 gessi

290 592 424 676 saepius
448 593 482 656 in
505 593 633 658 domini
658 615 755 659 serva
779 604 898 660 vocata
921 605 1044 660 torum.
1297 609 1335 652 1⁰0

245 701 305 766 Me
328 702 503 785 quaedam,
529 702 677 778 memini,
704 702 877 768 dominam
902 702 1034 787 captiva
1060 703 1218 769 vocabat:

289 807 471 873 ‘servitio'
490 808 562 873 dixi
582 809 750 874 ‘nominis
768 810 866 875 addis
883 809 991 875 onus?

337 1186 344 1200 ·
720 1188 728 1201 θ
849 1188 856 1201 .
977 1188 983 1201 .
1232 1188 1240 1202 ·
1313 1156 1323 1187 h

246 1242 314 1309 Sed
339 1243 398 1308 tibi
424 1264 486 1327 pro
511 1244 593 1308 tutis
618 1244 766 1328 insignia
792 1244 881 1310 facta
905 1245 1090 1329 placebant,
1298 1261 1336 1305 121

288 1361 451 1436 partaque
471 1353 627 1419 bellando
649 1353 758 1438 gloria
783 1354 890 1419 dulcis
912 1364 993 1419 erat.

244 1460 301 1525 An
317 1442 459 1540 tantum,
478 1462 560 1527 dum
578 1483 632 1527 me
649 1482 794 1545 capereS,
814 1462 886 1527 fera
904 1462 989 1528 bella
1006 1463 1181 1547 probabas

290 1591 433 1653 cumque
454 1592 529 1636 mea
552 1570 663 1655 patria
686 1571 759 1636 laus
782 1581 840 1637 tua
863 1571 951 1637 victa
975 1571 1085 1637 iacet?

244 1678 289 1743 Di
310 1679 446 1744 melius!
492 1679 693 1764 Validoque,
715 1700 843 1763 precor,
866 1679 997 1745 vibrata
1018 1681 1141 1746 lacerto
1299 1696 1338 1739 12⁵

289 1798 439 1854 transeat
461 1789 668 1854 Hectoreum
691 1790 801 1854 Pelias
822 1790 919 1855 hasta
941 1790 1045 1855 latus!

244 1897 374 1963 Mittite
397 1919 460 1975 me,
487 1898 616 1962 Danai:
641 1898 817 1963 dominum
843 1898 953 1981 legata
978 1897 1106 1982 rogabo

288 2006 461 2089 multaque
482 2006 653 2072 mandatis
672 2006 787 2071 oscula
807 2006 916 2072 mixta
937 2006 1053 2073 feram.

232 2116 328 2180 ‘Plus
346 2138 411 2199 ego
431 2136 532 2200 quam
553 2115 718 2193 Phoenix,
739 2116 815 2200 plus
835 2137 935 2199 quam
958 2116 1123 2182 facundus
1141 2116 1274 2195 Ulixes,
1299 2132 1338 2175 130

288 2225 363 2310 plus
387 2247 452 2310 ego
476 2247 579 2310 quam
602 2224 1057 2291 Teucri-credite-lrater
1081 2247 1193 2311 agam.

246 2334 308 2399 Est
328 2333 466 2418 aliquid,
489 2335 612 2399 collum
633 2333 741 2399 solitis
763 2333 916 2417 tetigisse
937 2334 1079 2410 lacertis,

288 2441 542 2526 praesentisque
562 2442 677 2508 oculos
698 2441 916 2508 admonuisse
936 2441 997 2507 sui.

246 2550 301 2617 Sis
322 2552 397 2617 licet
419 2552 547 2618 inmitis
567 2553 751 2635 matrisque
775 2552 920 2618 ferocior
941 2551 1050 2628 undis,

289 2669 327 2724 ut
345 2668 489 2738 taceam,
509 2659 657 2725 lacrimis
676 2659 906 2725 comminuere
926 2659 1021 2724 meis.

246 2768 346 2834 Nunc
368 2769 595 2853 quoque-sic
614 2791 731 2834 omnes
755 2769 874 2834 Peleus
896 2779 990 2852 pater
1012 2769 1148 2854 impleat
1168 2790 1286 2848 annos,
1300 2784 1337 2828 ras
1451 2840 1454 2845 ,

290 2877 338 2943 sic
357 2887 411 2943 eat
430 2878 589 2961 auspiciis
611 2879 762 2964 Pyrrhus
782 2879 824 2944 ad
845 2900 939 2944 arma
958 2877 1026 2944 tuis
1036 2877 1091 2943 !-

244 2987 370 3071 respice
389 2988 566 3054 sollicitam
585 2987 750 3066 Briseida,
771 2987 870 3053 fortis
888 2987 1032 3066 Achille,

290 3118 351 3162 nec
372 3097 533 3163 miseram
556 3098 645 3163 lenta
669 3097 800 3162 ferreus
821 3118 881 3162 ure
901 3117 1006 3162 mora.

246 3205 328 3282 Aut,
351 3206 378 3270 si
399 3227 516 3270 versus
539 3227 635 3271 amor
654 3217 733 3272 tuus
754 3215 805 3270 est
827 3205 861 3269 in
882 3204 993 3270 taedia
1013 3204 1130 3283 nostri,

292 3334 393 3396 quam
415 3314 539 3381 sinete
561 3315 656 3399 cogis
678 3314 801 3392 vivere,
825 3335 909 3397 coge
928 3313 1025 3379 mori.

244 3420 360 3504 thue
381 3421 476 3500 facis,
497 3444 607 3508 coges.
654 3422 749 3488 Abiit
770 3442 957 3506 corpusque
977 3423 1153 3506 colorque:

291 3530 434 3597 sustinet
454 3533 518 3599 hoc
536 3533 672 3598 animae
691 3553 765 3617 spes
785 3543 901 3597 tamen
921 3553 988 3596 una
1008 3531 1068 3597 tui.

244 3639 322 3724 Qua
342 3639 369 3703 si
389 3639 564 3719 destituor,
584 3651 733 3725 repetam
755 3640 943 3724 fratresque
964 3640 1158 3725 virumque:

291 3770 352 3813 nec
374 3749 434 3815 tibi
458 3749 676 3835 magnificum
701 3748 828 3814 femina
852 3748 942 3813 iussa
966 3748 1063 3814 mori.
