3042 4475
201 290 246 368 46
495 287 740 342 SELECTIONS
770 286 879 340 FROM
908 285 1007 340 OVID

207 467 274 532 and
293 488 375 533 even
394 478 431 533 to
448 468 517 532 this
534 468 611 551 day,
631 467 729 533 when
743 487 824 531 men
843 466 904 531 call
924 476 984 531 out
1004 465 1037 529 in
1056 465 1160 550 rocky
1178 466 1298 549 places,

206 574 265 641 her
281 574 375 641 voice
390 596 469 660 may
484 574 525 641 be
540 575 644 641 heard
659 597 697 641 as
711 576 751 641 ol
766 573 852 656 old.]

253 791 385 877 Corpus
407 792 518 859 adhuc
541 793 646 870 Eclro,
669 813 738 859 non
761 814 830 857 vox
852 802 942 869 erat;
964 801 1130 858 ettamen
1153 813 1252 858 usum

206 901 343 985 garrula
360 922 427 967 non
445 901 559 979 alium,
578 922 680 985 quam
696 922 785 966 nunc
802 900 911 988 habet,
930 900 999 965 oris
1016 900 1167 979 habebat,
1262 916 1300 959 ³⁶⁰

208 1010 351 1077 reddere
370 1011 412 1076 de
431 1010 547 1076 multis
567 1020 603 1077 ut
624 1010 725 1076 verba
743 1009 930 1076 novissima
950 1019 1071 1093 posset.

208 1118 346 1186 Fecerat
367 1120 431 1185 hoc
453 1119 549 1198 Iun0‚
571 1119 661 1204 quia,
682 1140 760 1186 cum
780 1119 986 1203 deprendere
1006 1128 1118 1203 posset

206 1250 283 1294 cum
304 1228 386 1295 love
406 1249 506 1313 saepe
527 1249 589 1294 suo
608 1228 775 1313 nymphas
796 1227 830 1292 in
851 1238 966 1294 monte
984 1228 1140 1306 iacentes,

208 1337 264 1403 illa
286 1338 386 1403 deam
409 1337 513 1423 longo
534 1336 683 1422 prudens
705 1357 864 1403 sermone
884 1337 1027 1415 tenebat,

206 1446 287 1512 dum
305 1445 462 1531 lugerent
477 1445 654 1531 nymphae.
697 1446 883 1530 Postquam
901 1444 1061 1512 Saturnia
1078 1444 1192 1523 sensit,
1262 1460 1301 1503 aus

209 1552 368 1620 ‘Huius'
392 1554 440 1620 ait
463 1553 631 1639 ‘linguae
656 1575 722 1637 qua
745 1575 821 1620 sum
844 1555 970 1631 delusa,
994 1564 1142 1637 potestas

207 1683 313 1748 parva
337 1662 397 1729 tibi
424 1661 560 1729 dabitur
585 1662 745 1747 vocisque
771 1663 989 1729 brevissimus
1015 1661 1136 1729 usus':

208 1794 311 1857 reque
329 1772 440 1838 minas
460 1771 582 1839 firmat.
628 1772 759 1838 Tamen
779 1772 862 1838 haec
883 1772 917 1837 in
938 1772 1005 1838 fine
1027 1769 1186 1855 loquendi

209 1882 395 1967 ingeminat
420 1904 529 1960 voces,
554 1881 736 1965 auditaque
761 1880 862 1947 verba
887 1891 1044 1965 reportat.

254 1989 349 2074 Ergo
366 1989 422 2055 ubi
441 1989 639 2056 Narcissum
656 2011 716 2075 per
732 1990 831 2055 devia
847 2011 925 2055 rura
943 1999 1124 2073 vagantem
1262 2003 1302 2047 πο

208 2099 293 2165 vidit
316 2108 348 2165 et
374 2099 523 2176 incaluit,
548 2100 703 2184 sequitur
725 2100 870 2184 vestigia
894 2098 1023 2177 furtim,
1134 2161 1137 2165 .

207 2230 342 2294 quoque
364 2208 476 2295 magis
499 2208 659 2294 sequitur,
683 2208 820 2275 flamma
841 2209 997 2294 propiore
1019 2207 1163 2286 calescit,

208 2341 276 2385 non
296 2319 406 2398 aliter,
427 2339 529 2403 quam
548 2341 625 2385 cum
645 2319 787 2385 summis
806 2319 994 2390 circumlita
1014 2317 1122 2384 taedis

208 2430 362 2495 admotas
382 2427 518 2514 rapiunt
536 2428 668 2494 vivacia
688 2428 848 2512 sulphura
868 2428 1032 2493 flammas.

207 2538 240 2605 Ο
257 2536 413 2622 quotiens
430 2537 537 2604 voluit
555 2535 687 2602 blandis
705 2536 861 2602 accedere
878 2536 976 2602 dictis

207 2657 240 2713 et
260 2647 378 2712 molles
397 2646 556 2712 adhibere
575 2667 711 2730 preces:
732 2655 856 2711 natura
876 2655 1054 2730 repugnat,

208 2777 269 2823 nec
290 2755 371 2822 sinit
392 2755 540 2840 incipiat.
589 2754 668 2833 Sed,
689 2753 780 2839 quod
802 2753 892 2832 sinit,
915 2754 971 2819 illa
992 2764 1111 2839 parata
1133 2763 1186 2820 est

208 2877 405 2951 exspectare
423 2886 536 2939 sonos,
557 2863 601 2930 ad
620 2884 706 2948 quos
726 2883 788 2930 sua
808 2863 912 2929 verba
934 2863 1092 2928 remittat.

210 2975 312 3041 Forte
329 2995 413 3059 puer
429 2974 592 3039 comitum
611 2973 769 3039 seductus
786 2972 829 3038 ab
846 2971 984 3056 agmine
1002 2970 1081 3049 fid0,

206 3084 339 3150 dixerat
353 3082 361 3109 ‘
376 3082 502 3167 Ecquis
514 3081 633 3147 adest?
647 3079 655 3104 ’
668 3091 701 3146 et
715 3079 856 3145 ‘Adestl
871 3079 878 3104 ’
893 3080 1110 3164 responderat
1124 3079 1228 3145 Echo.
1265 3095 1304 3137 ³⁸⁰

210 3191 278 3257 llic
300 3201 422 3275 stupet,
444 3201 549 3275 utque
568 3189 678 3256 aciem
699 3199 812 3274 partes
834 3187 975 3254 dimittit
997 3187 1033 3253 in
1055 3210 1185 3267 omnes,

210 3321 292 3366 voce
316 3299 469 3366 ‘Venil'
494 3321 621 3384 magna
646 3299 787 3364 clamat:
814 3307 911 3363 vocat
938 3296 994 3362 illa
1019 3307 1205 3363 vocantem.

211 3407 360 3492 Respicit
382 3417 415 3473 et
437 3421 556 3472 mrsus
578 3407 671 3472 nullo
693 3406 849 3472 veniente
871 3404 1009 3491 ‘Quid’
1033 3405 1142 3490 inquit

209 3515 288 3584 ‘me
308 3515 447 3613 fugisi’
468 3526 502 3583 et
522 3515 676 3589 totidem,
697 3525 780 3599 quot
802 3514 900 3593 dixit,
923 3515 1027 3581 verba
1049 3515 1183 3599 recepit.

211 3620 355 3698 Perstat}
378 3635 412 3690 et
433 3626 581 3691 alternae
603 3624 762 3708 deceptus
785 3622 933 3708 imagine
955 3623 1058 3702 vocis,
1265 3640 1305 3682 ass

210 3733 314 3799 ‘Huc
335 3731 535 3799 cosanus?
559 3731 626 3798 ait:
649 3731 799 3815 nullique
823 3731 979 3797 libentius
1002 3753 1164 3816 umquam

210 3860 412 3925 responsura
432 3861 517 3907 sono
538 3838 753 3906 ‘Cedamus'
776 3840 904 3905 rettulit
927 3841 1030 3919 Echo,
