3042 4475
234 299 295 348 100
521 280 766 338 SELECTIONS
795 281 905 338 FROM
933 281 1033 349 OVID

232 461 357 531 Aulide
378 463 509 548 piscosa
530 485 657 548 puppes
678 464 840 531 tenuisset
863 464 977 529 ituras.

233 572 302 638 Hic
321 574 432 657 patrio
453 574 494 640 de
513 595 606 640 more
626 574 699 639 Iovi
720 596 797 639 cum
818 594 914 638 sacra
934 582 1120 657 parassent,

232 692 269 747 ut
291 693 387 748 vetus
402 666 557 749 accensis
580 682 753 749 incanduit
776 682 911 767 ignibus
933 703 1003 760 ara,

232 812 364 875 serpere
382 794 571 859 caeruleum
591 792 702 858 Danai
723 792 838 857 videre
859 792 1039 857 draconem

232 900 266 965 in
286 901 472 985 platanum,
494 900 619 985 coeptis
639 922 725 986 quae
745 901 855 968 stabat
875 900 1031 985 proxima
1053 892 1181 967 sacris(

232 1009 344 1075 Nidus
363 1021 435 1076 erat
454 1012 630 1076 volucrum
648 1010 699 1077 bis
717 1021 879 1094 quattuor
898 1011 1018 1078 arbore
1037 1032 1186 1076 summa:

231 1140 314 1203 quas
336 1120 435 1184 simul
456 1133 489 1189 et
508 1131 660 1198 matrem,
680 1120 807 1187 circum
829 1142 889 1186 sua
909 1120 1033 1186 damna
1053 1120 1232 1198 volantem,

231 1227 393 1311 corripuit
417 1250 561 1313 serpens,
587 1230 752 1313 avidoque
774 1229 985 1296 abscondidit
1006 1251 1072 1295 ore.

231 1335 433 1420 Obstipuere
449 1359 575 1405 omnes
617 1338 666 1404 At
682 1339 753 1404 veri
771 1338 933 1423 providus
950 1359 1061 1423 augur

232 1445 450 1511 Thestorides
471 1446 699 1513 ‘Vincemus’
720 1448 778 1525 ait,
801 1447 977 1532 ‘gaudete
1000 1446 1152 1532 Pelasgi:

231 1553 335 1620 Troia
356 1556 462 1633 cadet,
485 1556 542 1622 sed
564 1557 628 1623 erit
648 1557 755 1623 nostri
777 1579 872 1623 mora
893 1557 996 1643 longa
1016 1555 1160 1634 laboris,’

231 1673 333 1748 atque
353 1686 475 1731 novem
497 1667 649 1732 volucres
672 1666 707 1731 in
729 1667 805 1733 belli
829 1667 952 1751 digerit
975 1688 1091 1731 annos.

231 1773 302 1852 llle,
325 1786 361 1842 ut
383 1786 466 1853 erat,
489 1774 613 1841 virides
635 1775 812 1859 amplexus
834 1775 868 1840 in
890 1777 1010 1842 arbore
1031 1796 1143 1841 ramos

230 1882 267 1949 fit
286 1882 379 1967 lapis
400 1893 433 1949 et
450 1894 562 1950 servat
579 1885 742 1968 serpentis
761 1884 908 1969 imagine
929 1906 1059 1949 saxum.

278 1991 456 2057 Permanet
476 1991 599 2058 Aoniis
620 1993 751 2059 Nereus
771 1993 938 2058 violentus
959 1992 993 2057 in
1011 1992 1121 2070 undis

230 2100 383 2185 bellaque
400 2123 468 2167 non
487 2101 670 2179 translert;
689 2113 721 2168 et
740 2112 818 2167 sunt
838 2102 895 2186 qui
914 2122 1051 2185 parcere
1068 2100 1193 2167 Troiae

231 2209 428 2294 Neptunum
450 2211 598 2290 credant,
619 2210 698 2296 quia
717 2210 851 2278 moenia
874 2210 998 2278 lecerat
1018 2208 1119 2278 urbis.

230 2319 278 2385 At
299 2342 367 2386 non
389 2321 616 2387 Thestorides
664 2322 736 2387 Nec
756 2321 847 2387 enirn
867 2321 1016 2386 nescitve
1034 2330 1165 2387 tacetve

231 2429 397 2514 sanguine
418 2429 572 2515 virgineo
595 2431 796 2514 placandam
819 2429 962 2514 virginis
986 2429 1071 2495 iram

230 2559 303 2604 esse
325 2538 419 2604 deae.
469 2538 654 2622 Postquam
677 2538 836 2623 pietatem
858 2538 990 2621 publica
1013 2558 1115 2603 causa

139 2665 141 2668 ’
231 2668 358 2730 rexque
376 2657 505 2731 patrem
526 2647 616 2725 vicit,
635 2657 831 2731 castumque
850 2647 971 2713 datura
989 2667 1142 2712 cruorem

231 2754 388 2822 flentibus
411 2766 489 2822 ante
509 2777 604 2821 aram
627 2755 718 2822 stetit
742 2755 920 2841 Iphigenia
943 2754 1116 2832 ministris,

231 2863 320 2929 victa
339 2865 401 2930 dea
420 2874 480 2942 est,
501 2864 689 2948 nubemque
709 2865 814 2930 oculis
836 2863 966 2941 obiecit,
987 2874 1019 2930 et
1039 2864 1125 2927 inter
1192 2929 1195 2934 ,

230 2973 378 3038 officium
401 2974 602 3057 turbamque
623 2973 709 3038 sacri
733 2994 900 3056 vocesque
920 2982 1116 3056 precantum

232 3083 404 3166 supposita
430 3082 539 3148 fertur
561 3092 710 3148 mutasse
733 3082 915 3168 Mycenida
938 3102 1046 3147 cerva.

233 3193 327 3276 Ergo
350 3191 417 3269 ubi,
440 3213 507 3276 qua
530 3191 652 3270 decuit,
675 3191 777 3256 lenita
800 3201 849 3256 est
871 3190 971 3256 caede
993 3189 1116 3267 Diana,

231 3311 263 3366 et
289 3301 415 3385 pariter
442 3300 605 3380 Phoebes
632 3299 757 3385 pariter
783 3298 887 3365 maris
914 3299 963 3364 ira
991 3297 1137 3375 recessit,

232 3411 398 3494 accipiunt
419 3421 537 3476 ventos
558 3431 578 3475 a
598 3421 695 3495 tergo
714 3409 806 3476 mille
827 3408 968 3484 carinae,

231 3520 403 3603 multaque
423 3541 598 3604 perpessae
620 3519 770 3604 Phrygia
791 3517 966 3604 potiuntur
985 3516 1121 3582 harena.

278 3628 372 3694 Orbe
392 3628 485 3693 locus
507 3628 619 3694 medio
642 3638 693 3694 est
715 3628 801 3692 inter
823 3637 998 3710 terrasque
1019 3624 1211 3709 fretumque

231 3738 455 3821 caelestesque
478 3739 606 3822 plagas,
631 3736 772 3821 triplicis
795 3734 939 3800 confinia
961 3734 1091 3812 mundi,

232 3846 322 3911 unde
341 3844 432 3929 quod
453 3855 503 3910 est
523 3866 675 3929 usquam,
697 3843 852 3929 quamvis
874 3842 1068 3927 regionibus
1089 3841 1187 3919 absit,
