3042 4475
502 250 585 306 rna
612 250 973 307 METAMORPHOSES
1246 265 1285 329 33

193 452 259 509 sea,
281 432 349 497 and
371 432 452 499 then
475 433 618 518 rushing
638 432 711 498 into
731 432 789 498 the
809 441 914 499 water
936 453 1042 499 swam
1062 431 1145 499 with
1167 431 1227 497 her
1248 440 1284 495 to

190 541 247 605 the
266 540 383 606 shores
401 540 442 606 oi
461 540 589 624 Crete]

238 759 314 825 Has
330 760 387 826 ubi
405 760 584 827 verborum
601 781 728 845 poenas
744 759 932 845 mentisque
948 760 1114 845 profanae

110 876 113 879 ’
191 870 279 954 cepit
297 870 525 949 Atlantiades,
545 870 652 936 dictas
670 891 690 936 a
711 870 851 937 Pallade
870 881 978 936 terras

192 980 322 1064 linquit,
347 990 380 1045 et
405 979 595 1065 ingreditur
619 980 751 1045 iactatis
775 980 911 1046 aethera
934 978 1061 1064 pennis.

191 1088 339 1155 Sevocat
355 1088 447 1153 hunc
462 1088 607 1174 genitor.
651 1088 725 1155 Nec
741 1110 879 1155 causam
898 1088 1009 1154 fassus
1027 1086 1153 1153 amoris

191 1196 299 1262 ‘Fide
322 1196 497 1263 minister’
522 1198 570 1263 ait
595 1196 798 1277 ‘iussorum
823 1209 911 1275 nate,
935 1217 1098 1275 meorum,

189 1306 275 1389 pelle
299 1327 441 1383 moram,
466 1307 632 1391 solitoque
655 1308 741 1373 celer
765 1308 918 1373 delabere
942 1326 1053 1384 cursu,

189 1434 342 1497 quaeque
360 1424 455 1482 tuam
473 1426 617 1481 matrem
637 1417 735 1482 tellus
754 1438 774 1481 a
794 1426 890 1502 parte
910 1416 1047 1481 sinistra

189 1522 328 1605 suspicit
354 1522 553 1608 (indigenae
575 1524 740 1591 Sidonida
761 1524 898 1592 nomine
917 1524 1067 1607 dicunt),

189 1632 277 1696 hanc
296 1641 384 1714 pete,
406 1633 564 1716 quodque
582 1634 700 1718 procul
720 1643 884 1699 montano
904 1633 1059 1718 gramine
1080 1632 1171 1717 pasci

189 1751 382 1806 armentum
403 1742 519 1827 regale
540 1742 645 1821 vides,
665 1743 709 1808 ad
730 1742 829 1808 litora
850 1741 966 1809 verte’

199 1929 202 1934 Ι
236 1849 346 1928 Dixit,
367 1861 401 1916 et
421 1850 553 1935 expulsi
575 1851 774 1917 iamdudum
793 1861 909 1918 monte
930 1851 1061 1919 iuvenci

188 1958 290 2025 litora
309 1958 400 2025 iussa
417 1969 546 2044 petunt,
566 1960 621 2026 ubi
642 1960 758 2046 magni
778 1959 846 2026 filia
866 1960 955 2045 regis

187 2068 303 2133 ludere
321 2067 510 2153 virginibus
529 2068 644 2154 Tyriis
662 2069 823 2134 comitata
842 2067 978 2134 solebat.

189 2177 271 2245 Non
288 2177 373 2245 bene
391 2177 599 2244 conveniunt
617 2199 678 2245 nec
696 2178 731 2243 in
749 2197 817 2244 una
836 2178 915 2244 sede
933 2187 1112 2245 morantur

187 2288 349 2354 maiestas
368 2298 402 2354 et
420 2309 535 2353 amor:
554 2288 675 2372 sceptri
695 2287 865 2373 gravitate
884 2287 999 2353 relicta

188 2398 243 2463 ille
262 2409 358 2482 pater
377 2406 554 2481 rectorque
571 2397 682 2474 deum,
703 2396 755 2462 cui
777 2396 897 2462 dextra
916 2395 1064 2461 trisulcis

188 2508 325 2592 ignibus
346 2516 478 2572 armata
500 2515 561 2584 est,
582 2505 639 2590 qui
661 2516 747 2571 nutu
767 2505 915 2571 concutit
935 2506 1061 2583 orbem,

188 2616 341 2682 induitur
367 2615 489 2681 faciem
514 2615 620 2692 tauri;
646 2614 842 2698 mixtusque
866 2613 1015 2679 iuvencis

180 2705 308 2808 mugit,
332 2733 365 2788 et
388 2723 422 2788 in
444 2723 568 2790 teneris
592 2723 765 2789 formosus
787 2721 980 2788 obambulat
1002 2721 1123 2788 herbis,

186 2831 323 2915 Quippe
342 2831 435 2896 color
453 2830 542 2896 nivis
561 2841 622 2909 est,
641 2852 743 2916 quarn
763 2852 824 2897 nec
843 2830 986 2916 vestigia
1007 2831 1082 2896 duri

186 2940 357 3006 calcavere
383 2939 488 3023 pedis,
516 2961 577 3004 nec
604 2939 704 3005 solvit
731 2939 906 3023 aquaticus
934 2939 1069 3004 Auster.
1177 2922 1202 3000 s

184 3048 284 3114 Colla
300 3029 389 3112 'toris
411 3056 559 3126 exstant,
580 3047 685 3114 armis
704 3047 856 3132 palearia
876 3049 1036 3133 pendent,

182 3176 312 3221 cornua
334 3177 439 3240 parva
462 3155 608 3239 quidem,
632 3157 690 3222 sed
713 3177 799 3240 quae
820 3157 1021 3222 contendere
1043 3156 1152 3241 possis

185 3265 277 3331 iacta
298 3287 413 3343 manu,
434 3285 586 3349 puraque
606 3265 719 3350 magis
737 3266 910 3350 perlucida
931 3287 1075 3351 gemma.

183 3375 311 3441 Nullae
331 3374 366 3439 in
387 3374 501 3440 fronte
520 3374 642 3452 minae,
662 3396 722 3440 nec
743 3373 957 3440 formidabile
976 3376 1106 3453 lumen;

182 3504 305 3568 pacem
326 3484 441 3549 vultus
460 3483 572 3548 habet.
618 3483 769 3549 Miratur
788 3483 950 3569 Agenore
968 3494 1059 3562 nata,

178 3593 275 3676 'quod
296 3602 367 3658 tam
389 3591 572 3670 formosus,
594 3592 686 3676 quod
705 3592 833 3676 proelia
853 3592 945 3657 nulla
965 3592 1121 3658 minetur.

183 3702 251 3768 Sed
271 3700 429 3786 quamvis
447 3691 563 3778 mitem
582 3701 702 3767 metuit
721 3701 917 3784 contingere
936 3701 1064 3785 primo:

183 3833 267 3876 mox
290 3810 373 3888 adit,
398 3820 431 3875 et
455 3809 555 3874 flores
578 3811 620 3874 ad
644 3810 788 3874 candida
812 3809 957 3894 porrigit
981 3831 1050 3874 ora.
