3042 4475
488 300 571 354 rme
598 300 959 358 uernuoapuoses
1232 316 1272 385 73

174 477 333 543 bracchia
355 481 547 559 sustulerat,
571 481 661 546 ‘Di'
685 503 750 567 que
773 482 817 549 ‘o
838 482 1061 550 communiter
1084 482 1222 558 omnes‚'

173 587 320 666 dixerat,
345 588 485 674 ignarus
507 612 575 657 non
599 612 717 658 omnes
739 613 812 660 esse
835 593 1017 678 rogandos,

174 697 349 782 ‘parcite'
396 700 515 766 Motus
536 710 618 779 erat,
640 722 717 767 cum
740 701 808 767 iam
830 701 1017 768 revocabile
1038 704 1142 768 telum

174 830 243 872 non
266 808 342 887 fuit,
364 809 574 875 Arcitenens.
621 810 769 876 Minimo
789 820 902 876 tamen
922 810 1045 905 occidit
1066 811 1122 878 ille
1232 826 1270 869 2⁸⁵

172 920 322 1000 vulnere,
343 943 413 988 non
433 924 500 989 alte
519 944 678 1010 percusso
696 925 798 991 corde
818 923 952 1009 sagitta.

220 1030 328 1096 Fama
351 1032 434 1099 mali
457 1033 638 1118 populique
660 1034 757 1099 dolor
779 1033 1003 1117 lacrimaeque
1026 1051 1164 1097 suorum
1234 1016 1238 1025 ¹

171 1142 398 1228 tamsubitae
420 1153 564 1209 matrem
587 1154 713 1210 certam
737 1143 846 1210 iecere
868 1142 995 1221 ruinae,

171 1251 355 1317 mirantem
377 1252 537 1337 potuisse,
560 1253 835 1337 irascentemque,
857 1253 948 1339 quod
969 1250 1042 1317 ausi

171 1360 236 1424 hoc
253 1371 364 1425 essent
381 1342 504 1445 superi,
522 1362 613 1446 quod
629 1372 762 1428 tantum
781 1361 864 1427 iuris
880 1360 1050 1426 haberent.

173 1468 264 1534 Nam
281 1480 378 1554 pater
395 1470 569 1555 Amphion
588 1470 679 1537 ferro
696 1492 755 1557 per
773 1481 887 1556 pectus
905 1471 1035 1541 adacto.

170 1577 305 1645 finierat
327 1579 475 1645 moriens
497 1580 623 1665 pariter
643 1602 721 1647 cum
742 1581 815 1646 luce
836 1580 997 1646 dolorem.

172 1688 252 1754 Heu
272 1690 538 1773 quantum'haec
558 1690 670 1757 Niobe
689 1689 800 1756 Niobe
819 1690 966 1756 distabat
985 1689 1029 1756 ab
1047 1689 1114 1766 illa,

171 1819 258 1882 quae
282 1799 385 1864 modo
411 1798 528 1865 Latois
552 1800 713 1885 populum
739 1798 954 1865 submoverat
979 1796 1057 1876 aris,

170 1917 203 1973 et
222 1906 370 1973 mediam
390 1908 513 1973 tulerat
531 1928 668 1992 gressus
688 1907 845 1993 resupina
865 1928 923 1992 per
942 1906 1070 1984 urbem,

170 2016 343 2083 invidiosa
363 2016 444 2095 suis,
465 2028 501 2084 at
520 2038 610 2083 nunc
630 2016 823 2083 miseranda
845 2018 897 2083 vel
918 2015 1017 2082 hosti.

171 2125 381 2211 Corporibus
405 2125 526 2211 gelidis
550 2126 723 2204 incumbit,
747 2136 780 2192 et
803 2126 922 2193 ordine
945 2126 1037 2190 nullo

169 2237 286 2302 oscula
306 2237 479 2321 dispensat
498 2247 597 2303 natos
618 2258 774 2323 suprema
793 2257 852 2322 per
872 2257 998 2302 omnes.

169 2347 201 2411 Α
223 2345 346 2430 quibus
366 2347 411 2412 ad
431 2347 561 2413 caelum
582 2346 720 2413 liventia
740 2346 894 2413 bracchia
914 2346 1038 2411 tollens

170 2456 348 2534 ‘Poscere
373 2455 528 2533 crudelis,
552 2466 680 2534 nostr0,
704 2455 848 2534 Latona,
873 2455 998 2531 dolore,

168 2564 327 2650 pascere’
351 2564 400 2630 ait
424 2564 597 2650 ‘satiaque
619 2585 695 2630 meo
719 2548 777 2630 tua
800 2575 934 2650 pectora
958 2565 1068 2630 luctu:

167 2674 303 2740 efferor.
349 2673 506 2751 Exsulta,
526 2673 716 2758 victrixque
736 2673 871 2740 inimica
891 2672 1072 2756 triumpha.

169 2783 240 2850 Cur
262 2793 376 2848 autem
398 2781 546 2848 victrix?
590 2782 739 2848 Miserae
760 2782 843 2848 milri
866 2783 962 2866 plura
985 2790 1174 2865 supersunt,

166 2913 270 2978 quam
285 2891 346 2957 tibi
364 2890 473 2958 felici:
487 2901 564 2975 post
579 2901 630 2957 tot
645 2912 779 2976 quoque
795 2891 914 2957 funera
929 2888 1049 2957 vinco!

211 3001 370 3080 Dixerat,
394 3011 427 3067 et
448 3001 561 3066 sonuit
582 3011 740 3067 contento
761 3022 885 3067 nervus
906 3001 950 3066 ab
970 3021 1060 3066 arcu.

165 3113 235 3198 Qui
258 3122 394 3197 praeter
417 3110 550 3177 Nioben
572 3132 676 3177 unam
697 3109 883 3177 conterruit
903 3130 1038 3175 omnes:

167 3224 222 3289 illa
246 3223 338 3288 malo
361 3230 412 3287 est
434 3221 558 3288 audax.
608 3220 751 3287 Stabant
773 3241 850 3286 cum
871 3219 1023 3285 vestibus
1046 3218 1128 3283 atris
1229 3203 1230 3206 ¹

166 3344 245 3399 ante
268 3343 363 3398 toros
389 3331 535 3396 fratrum
559 3329 706 3397 demisso
730 3329 822 3396 crine
845 3349 986 3395 sorores

166 3443 195 3507 E
211 3442 336 3528 quibus
352 3462 420 3506 una
437 3439 573 3506 trahens
590 3438 764 3504 haerentia
779 3437 906 3504 viscere
921 3438 987 3503 tela

165 3553 326 3638 imposito
351 3549 451 3616 fratri
476 3549 677 3616 moribunda
700 3547 870 3633 relanguit
892 3567 969 3613 ore:

165 3665 269 3730 altera
293 3661 396 3728 solari
421 3658 581 3724 miseram
604 3668 725 3724 conata
747 3667 921 3741 parentem

165 3772 326 3839 conticuit
352 3767 476 3845 subit0,
504 3767 738 3856 duplicataque
764 3767 901 3831 vulnere
925 3786 1023 3830 caeco
1049 3774 1108 3830 est.

165 3882 260 3948 Haec
280 3881 414 3946 frustra
434 3874 570 3961 fugiens
589 3873 775 3953 collabitur,
797 3875 854 3940 illa
873 3873 981 3938 sorori
