3042 4475
481 283 564 335 THE
591 280 951 338 METAMORPHOSES

178 485 238 529 non
261 474 373 530 tamen
397 466 442 530 ad
465 487 643 532 numerum
667 466 802 552 redigar
826 466 968 551 spoliata
991 466 1147 541 duorum,

177 572 321 638 Latonae
334 572 487 639 turbam:
504 595 570 658 qua
585 584 749 659 quantum
765 574 869 641 distat
885 572 928 641 ab
943 572 1048 639 orba?

179 682 232 757 lte,
254 681 346 760 satis,
370 704 511 767 propere
533 683 587 761 ite,
610 684 694 749 sacri
718 693 779 761 est,
802 684 1000 767 laurumque
1021 682 1150 766 capillis

176 788 305 869 ponite!
349 790 544 874 Deponunt,
565 802 597 857 et
618 812 714 858 sacra
735 791 861 858 inlecta
881 790 1084 875 relinquunt,

176 900 326 983 quodque
344 900 431 978 licet,
451 901 555 968 tacito
574 912 779 967 venerantur
798 922 972 967 murmure
991 922 1125 967 numen.

217 1008 398 1093 Indignata
421 1010 483 1075 dea
507 1020 568 1087 est,
593 1030 792 1094 summoque
816 1010 850 1075 in
875 1009 999 1076 vertice
1023 1008 1147 1093 Cynthi

174 1116 291 1182 talibus
311 1127 363 1183 est
383 1117 482 1183 dictis
502 1118 638 1203 gemina
658 1140 736 1186 cum
755 1118 851 1203 prole
870 1118 999 1184 locuta:

175 1226 247 1292 ‘En
270 1248 335 1312 ego
358 1238 470 1293 vestra
493 1249 627 1313 parens,
652 1228 748 1294 vobis
771 1228 924 1294 animosa
948 1226 1079 1305 creatio,

174 1348 203 1402 et
223 1336 287 1401 nisi
313 1336 436 1402 Iunoni
459 1337 542 1402 nulli
566 1359 701 1403 cessura
724 1338 874 1415 dearum,

172 1467 212 1510 an
233 1446 295 1510 dea
318 1445 382 1511 sim
404 1445 550 1522 dubitor,
572 1466 696 1532 perque
717 1446 831 1511 omnia
853 1446 984 1511 saecula
1006 1445 1105 1511 cultis

171 1575 294 1632 arceor,
317 1576 338 1619 ο
360 1554 441 1632 nati,
465 1554 528 1620 nisi
552 1577 613 1620 vos
636 1554 841 1632 succurritis,
863 1555 940 1621 aris

171 1664 240 1728 Nec
258 1663 356 1728 dolor
375 1663 429 1728 hic
448 1664 557 1729 solus:
576 1664 652 1730 diro
671 1662 822 1730 convicia
843 1663 934 1730 iacto

170 1771 323 1837 Tantalis
344 1771 477 1849 adiecit,
501 1794 627 1855 vosque
649 1782 699 1839 est
723 1782 923 1857 postponere
946 1773 1034 1838 natis

169 1902 250 1947 ausa
272 1880 352 1959 suiS,
374 1891 407 1947 et
426 1903 490 1958 me,
511 1882 603 1965 quod
624 1881 658 1946 in
680 1881 788 1966 ipsam
810 1882 964 1959 reccidat,
985 1884 1104 1948 orbam

168 1990 264 2067 dixit,
291 1999 323 2055 et
346 1989 499 2055 exhibuit
523 1990 674 2074 linguam
699 1990 858 2055 scelerata
881 1989 1078 2074 paternam'

166 2098 353 2164 Adiectura
374 2118 489 2184 preces
510 2108 582 2165 erat
603 2098 656 2163 his
679 2098 812 2164 Latona
835 2099 966 2164 relatis:

168 2205 356 2273 ‘Desinet’
391 2206 547 2274 Phoebus
577 2207 643 2274 ait:
675 2207 832 2293 ‘poenae
855 2228 951 2275 mora
982 2208 1085 2293 longa
1115 2208 1261 2293 querella

256 2315 329 2381 est.’
1222 2333 1260 2376 aar

162 2427 264 2492 Dixit
289 2426 379 2492 idem
406 2425 557 2492 Phoebe:
581 2425 745 2512 celerique
768 2448 829 2511 per
853 2429 933 2492 a’e'ra
957 2426 1053 2511 lapsu

116 2544 118 2548 ’
162 2535 378 2620 contigerant
402 2535 480 2600 tecti
506 2534 693 2602 Cadmeida
716 2535 861 2602 nubibus
885 2556 1005 2601 arcem.

208 2646 340 2710 Planus
360 2653 432 2711 erat
454 2644 585 2728 lateque
603 2655 723 2729 patens
742 2665 847 2729 prope
868 2644 1000 2710 moenia
1021 2633 1177 2729 campus(

159 2755 317 2821 adsiduis
341 2754 494 2840 pulsatus
519 2753 623 2838 equis
648 2753 704 2818 ubi
729 2754 828 2819 turba
854 2763 1006 2819 rotarum

157 2865 316 2948 duraque
337 2863 505 2929 mollierat
529 2861 694 2928 subiectas
716 2863 846 2946 ungula
868 2862 1013 2947 glaebas.

159 2975 249 3040 Pars
273 2973 319 3040 ibi
344 2973 386 3039 de
410 2982 536 3056 septem
559 2970 684 3056 genitis
706 2971 901 3055 Amphione
925 2971 1029 3038 fortes

156 3083 394 3152 conscendunt
419 3081 454 3145 in
479 3102 592 3165 equos,
619 3080 792 3165 Tyrioque
817 3080 969 3145 rubentia
995 3102 1074 3147 suco
1121 3063 1123 3067 ,

156 3202 258 3276 terga
282 3200 451 3276 premunt,
474 3210 624 3274 auroque
646 3210 769 3273 graves
792 3190 1009 3254 moderantur
1032 3190 1187 3256 habenas.

157 3299 190 3363 E
213 3300 338 3384 quibus
360 3299 526 3377 Ismenus
549 3299 605 3383 qui
627 3298 729 3364 matri
752 3298 884 3364 sarcina
906 3299 1077 3382 quondam

155 3409 270 3490 prima
289 3429 371 3473 suae
389 3407 511 3485 iuerat,
530 3408 611 3474 dum
629 3419 758 3472 certum
777 3408 879 3474 flectit
898 3409 932 3473 in
949 3408 1065 3475 orbern
1221 3425 1259 3468 aar

156 3517 391 3602 quadrupedis
418 3538 545 3595 cursus,
574 3518 830 3602 spumantiaque
856 3539 916 3582 ora
942 3519 1083 3597 coercet,

157 3624 230 3690 ‘Ei
254 3625 380 3691 mihil'
406 3626 603 3704 conclamat,
629 3626 807 3710 medioque
833 3627 867 3691 in
893 3638 1027 3711 pectore
1051 3629 1119 3693 fixa

155 3734 229 3798 tela
253 3735 353 3821 gerit,
382 3734 553 3818 frenisque
578 3757 683 3801 manu
709 3736 874 3802 moriente
900 3736 1048 3802 remissis

158 3841 195 3905 in
220 3843 307 3910 latus
328 3865 348 3909 a
370 3845 492 3910 dextro
512 3845 675 3929 paulatim
696 3845 813 3910 defluit
835 3867 940 3910 anno,
