3042 4475
673 289 789 344 FASTI
1219 300 1277 371 ¹37

231 493 386 537 emensus
407 470 500 556 longi
521 470 671 555 claviger
690 469 782 535 orbis
803 469 874 535 iter.
947 549 954 557 ¹

187 581 345 663 Dumque
364 579 442 645 huic
460 579 644 664 hospitium
662 578 783 643 domus
800 588 851 644 est
870 578 1035 663 Tegeaea,
1052 588 1221 662 vagantur
1238 592 1276 635 545

232 689 456 755 incustoditae
475 689 544 754 lata
563 709 622 773 per
640 709 723 753 arva
741 688 855 753 boves.

184 801 289 865 Mane
307 810 397 864 erat:
417 820 578 865 excussus
598 819 716 864 somno
737 797 938 883 Tirynthius
958 806 1050 863 actor

231 905 272 971 de
292 925 434 970 numero
454 914 570 969 tauros
590 904 692 969 sentit
711 904 827 969 abesse
848 904 942 969 duos.

186 1014 291 1079 Nulla
307 1012 400 1078 videt
415 1033 579 1097 quaereus
597 1012 689 1078 taciti
707 1012 852 1097 vestigia
869 1012 961 1079 furti.

232 1122 402 1187 Traxerat
421 1142 558 1187 aversos
576 1120 686 1187 Cacus
704 1121 738 1186 in
755 1132 853 1187 antra
874 1121 983 1199 ferox,

183 1228 306 1310 CacuS,
329 1231 525 1298 Aventinae
546 1231 648 1296 timor
670 1240 770 1315 atque
792 1229 935 1296 inlamia
958 1230 1072 1310 silvae,

229 1363 297 1407 non
321 1341 393 1407 leve
414 1339 567 1406 finitimis
588 1340 843 1425 hospitibusque
865 1341 1002 1405 malum.

184 1450 271 1515 Dira
297 1450 372 1515 viro
401 1449 513 1527 iacies
542 1448 631 1515 vires
657 1470 719 1533 pro
746 1469 895 1533 corpore,
923 1468 1045 1533 corpus

229 1560 504 1644 grande-pater
522 1558 665 1624 monstri
686 1558 854 1624 Mulciber
872 1558 972 1623 huius
991 1567 1118 1636 erat-‚

183 1689 313 1754 proque
331 1668 434 1734 domo
454 1668 566 1753 longis
584 1652 741 1751 spelunca
759 1666 943 1733 recessibus
962 1667 1091 1751 ingens

229 1778 354 1856 abdita,
378 1777 438 1843 vix
463 1777 543 1861 ipsis
567 1776 771 1842 invenienda
796 1776 885 1841 ieris

184 1887 258 1954 Ora
274 1908 373 1972 super
388 1895 501 1971 postes
515 1885 694 1971 adfixaque
708 1886 863 1951 bracchia
879 1886 1035 1969 pendent,

229 1995 450 2081 squalidaque
467 1996 626 2060 humanis
644 1995 776 2061 ossibus
794 1995 882 2060 albet
901 1982 1033 2060 humus,

184 2104 329 2173 Servata
345 2106 432 2171 male
449 2114 543 2188 parte
558 2104 660 2170 boum
680 2103 761 2169 love
777 2114 876 2169 natus
893 2102 1023 2169 abibat:

230 2213 401 2299 mugitum
417 2234 518 2280 rauco
535 2213 626 2280 furta
642 2213 764 2280 dedere
779 2234 871 2278 son0.

182 2322 348 2407 ‘Accipio
374 2322 593 2388 revocamen’
620 2323 676 2401 ait,
704 2344 887 2406 vocemque
912 2332 1045 2388 secutus

229 2431 334 2516 impia
355 2452 416 2516 per
438 2431 539 2497 silvas
560 2432 650 2498 ultor
671 2432 715 2497 ad
736 2442 834 2497 antra
855 2431 956 2497 venit.

183 2541 247 2608 Ille
259 2541 391 2606 aditum
407 2541 505 2606 fracti
522 2551 774 2624 praestruxerat
787 2540 881 2606 obice
895 2541 1038 2606 montis:

228 2648 289 2716 vix
309 2648 390 2734 iuga
410 2649 597 2714 movissent
617 2649 766 2735 quinque
785 2650 836 2716 bis
856 2650 938 2715 illud
958 2672 1052 2734 opus.

184 2758 317 2825 Nititur
337 2758 392 2824 hic
411 2758 723 2837 umeris-caelum
744 2781 876 2844 quoque
898 2761 1029 2826 sederat
1048 2761 1160 2825 illis-
1239 2777 1277 2819 su

229 2879 263 2934 et
283 2877 419 2933 vastum
439 2878 534 2933 motu
554 2869 801 2936 conlabefactat
822 2892 916 2936 onus.

183 2977 287 3063 Quod
303 2976 403 3042 simul
421 2998 575 3043 eversum
592 2988 653 3056 est,
672 2979 791 3064 fragor
807 2980 942 3045 aethera
958 2980 1077 3046 terruit
1095 2980 1214 3064 ipsum,

228 3083 361 3169 ictaque
380 3085 529 3152 subsedit
548 3088 695 3171 pondere
714 3088 812 3154 molis
830 3089 972 3155 humus:

181 3193 290 3279 prima
310 3204 427 3260 movet
447 3193 557 3261 Cacus
576 3197 697 3262 collata
718 3197 845 3282 proelia
865 3199 986 3265 dextra

230 3323 368 3387 remque
388 3303 598 3370 feroxsaxis
618 3305 852 3390 stipitibusque
868 3307 964 3392 gerit.
1239 3323 1277 3366 570

183 3411 271 3497 Quis
288 3410 345 3476 ubi
364 3411 410 3476 nil
431 3412 555 3496 agitur,
574 3414 701 3497 patrias
718 3415 806 3480 male
826 3405 925 3482 fortis
942 3417 985 3482 ad
1003 3426 1092 3481 artes

227 3519 387 3605 confugit
409 3529 441 3586 et
462 3520 618 3587 flammas
639 3545 698 3589 ore
719 3534 863 3589 sonante
884 3525 999 3591 vomit.

182 3627 278 3713 Quas
295 3628 452 3712 quotiens
468 3629 600 3713 proflat,
617 3631 744 3715 spirare
757 3632 924 3720 Typhoea
938 3635 1054 3699 credas

226 3748 259 3803 et
280 3735 438 3821 rapidum
459 3737 611 3804 Aetnaeo
634 3739 750 3824 fulgur
771 3743 813 3806 ab
835 3742 912 3826 igne
933 3743 1005 3808 iaci.

184 3828 336 3932 Occupat
354 3844 503 3926 Alcides,
521 3847 733 3937 adductaque
750 3851 844 3916 clava
863 3852 1007 3922 trinodis
1238 3866 1277 3913 575
