3042 4475
505 291 588 344 THE
616 292 976 346 METAMORPHOSES
1246 310 1288 373 43

191 471 339 537 nubibus
359 493 431 537 esse
448 472 538 538 solet
557 482 616 537 aut
636 492 825 557 purpureae
845 493 997 551 aurorae,

191 581 220 645 is
238 580 304 645 fuit
320 580 355 644 in
371 580 465 645 vultu
482 580 574 645 visae
590 580 661 645 siue
677 590 771 647 veste
787 580 926 647 Dianae.
1249 596 1288 641 us

239 690 337 775 Quae
355 710 561 774 quamquam
580 689 743 756 comitum
763 691 861 757 turba
879 703 929 758 est
948 691 1071 777 stipata
1091 712 1238 767 suarum,

193 800 228 865 in
253 801 342 869 latus
365 798 537 883 obliquum
560 808 674 864 tamen
698 798 839 877 adstitit,
864 820 989 883 oraque
1013 810 1104 865 retro

191 908 299 986 flexit,
320 918 353 973 et
372 917 410 973 ut
429 908 527 973 vellet
544 918 719 993 promptas
737 907 895 974 habuisse
913 908 1066 993 sagittas,

190 1038 276 1101 quas
301 1016 418 1082 habuit
444 1016 491 1081 sic
515 1016 627 1081 hausit
651 1036 767 1100 aquas,
795 1016 991 1100 vultumque
1017 1016 1148 1082 virilem

188 1124 352 1208 perfudit,
373 1145 601 1208 spargensque
620 1145 735 1191 comas
753 1124 929 1191 ultricibus
950 1124 1049 1190 undis
1249 1140 1287 1185 uo

189 1234 323 1300 addidit
346 1234 429 1300 haec
449 1233 555 1299 cladis
576 1234 779 1319 praenuntia
801 1234 903 1300 verba
927 1234 1080 1301 futurae:

190 1344 317 1409 ‘Nunc
335 1343 395 1409 tibi
414 1364 468 1409 me
486 1344 598 1428 posito
617 1343 725 1410 visam
745 1343 914 1410 velamine
931 1364 1061 1422 narres,

189 1453 218 1517 si
239 1452 366 1537 poteris
386 1473 535 1531 narrare,
556 1451 654 1519 licet.'
700 1453 775 1519 Nec
794 1453 892 1537 plura
911 1452 1040 1520 minata

189 1563 249 1628 dat
267 1582 385 1645 sparso
402 1561 504 1647 capiti
523 1561 650 1627 vivacis
668 1582 796 1628 cornua
815 1561 915 1640 cervi,

190 1673 248 1737 dat
270 1671 416 1756 spatium
437 1671 534 1749 collo,
556 1690 773 1755 summasque
793 1670 981 1736 cacuminat
1003 1691 1111 1748 aures,
1248 1685 1286 1729 1³5

187 1801 266 1845 curn
282 1779 488 1865 pedibusque
503 1801 636 1858 manus,
652 1800 730 1846 cum
747 1779 858 1865 longis
874 1778 1027 1845 bracchia
1045 1788 1154 1846 mutat

188 1889 355 1967 cruribus,
378 1900 411 1955 et
433 1890 520 1954 velat
542 1888 714 1955 maculoso
737 1888 859 1955 vellere
880 1908 1011 1972 corpus

188 1997 339 2063 Additus
362 2006 394 2063 et
417 2018 523 2081 pavor
543 2009 603 2064 est.
652 1997 756 2082 Fugit
780 1998 992 2063 Autonoeius
1015 1998 1125 2076 beros,

188 2119 222 2172 et
242 2129 278 2173 se
295 2117 367 2172 tam
387 2094 526 2173 celer'em
546 2128 647 2174 cursu
667 2106 811 2173 miratur
832 2107 866 2172 in
888 2108 970 2192 ipso.

186 2217 237 2284 Ut
255 2238 337 2282 vero
354 2217 467 2283 vultus
483 2226 517 2283 et
532 2239 659 2284 cornua
678 2217 764 2284 vidit
781 2217 816 2284 in
832 2217 934 2297 unda,
1244 2232 1284 2278 nu

188 2328 273 2392 ‘Me
295 2327 497 2392 miseruml’
520 2327 672 2393 dicturus
695 2337 785 2393 erat:
809 2349 879 2392 vox
901 2329 993 2394 nulla
1017 2339 1129 2394 secuta
1152 2337 1211 2395 est.

187 2435 383 2521 Ingemuit:
401 2457 470 2501 vox
489 2435 545 2501 illa
565 2436 640 2514 fuit,
660 2435 887 2521 lacrimaeque
904 2458 963 2522 per
980 2457 1041 2503 ora

185 2567 256 2610 non
276 2567 337 2610 sua
358 2544 547 2623 fluxerunt;
566 2567 661 2612 mens
680 2554 814 2612 tantum
833 2546 975 2631 pristina
995 2549 1128 2614 mansit.

186 2656 282 2742 Quid
305 2655 431 2721 iaciat?
476 2655 662 2739 Repetatne
682 2656 822 2722 domum
843 2666 876 2722 et
898 2657 1024 2741 regalia
1046 2667 1143 2736 tecta,

187 2785 232 2829 an
251 2763 353 2829 lateat
372 2764 490 2829 silvis?
533 2764 648 2829 Pudor
666 2765 740 2844 hoc,
760 2765 863 2831 timor
882 2765 1021 2851 impedit
1041 2767 1132 2833 illud.
1244 2783 1283 2828 tus

233 2873 326 2938 Dum
348 2872 489 2952 dubitat,
510 2873 629 2941 videre
646 2896 755 2941 canes.
803 2875 1021 2961 Primumque
1043 2877 1235 2962 Melampus

187 2982 458 3067 Ichnobatesque
476 3003 585 3068 sagax
604 2984 730 3050 latratu
748 2984 848 3069 signa
865 2985 999 3064 dedere,

186 3091 336 3157 Gnosius
357 3090 567 3170 Ichnobates,
590 3092 758 3176 Spartana
778 3104 881 3179 gente
902 3093 1103 3179 Melampus.

187 3202 272 3267 Inde
290 3211 394 3267 ruunt
412 3201 469 3266 alii
489 3202 606 3286 rapida
625 3203 774 3269 velocius
792 3225 887 3282 aura,

186 3311 407 3394 Pamphagus
423 3319 456 3376 et
472 3311 625 3376 Dorceus
641 3321 674 3376 et
690 3311 867 3391 Oribasus,
885 3294 1042 3378 Arcades
1053 3335 1180 3392 omnes,
1243 3329 1281 3372 210

188 3419 504 3504 Nebrophonusque
525 3420 640 3484 valens
662 3430 695 3485 et
717 3430 799 3486 trux
821 3441 897 3486 cum
920 3421 1064 3507 Laelape
1087 3422 1234 3499 Theron,

186 3538 219 3593 et
239 3527 383 3612 pedibus
406 3526 556 3593 Pterelas
577 3539 609 3594 et
630 3527 770 3595 naribus
791 3529 883 3596 utilis
904 3531 1010 3616 Agre,

186 3637 411 3722 Hylaeusque
432 3636 541 3716 feroit,
561 3659 668 3723 nuper
686 3659 863 3723 percussus
882 3640 925 3706 ab
943 3661 1036 3724 apr0,

185 3746 296 3829 deque
317 3744 398 3829 lupo
418 3756 579 3829 concepta
600 3745 709 3832 Nape,
730 3747 945 3832 pecudesque
964 3758 1077 3814 secuta

187 3852 378 3932 Poemenis
401 3862 433 3919 et
454 3854 542 3919 natis
564 3855 723 3920 comitata
745 3855 901 3941 Harpyia
922 3855 1064 3936 duobus,
1243 3873 1282 3919 215
