3042 4475
519 263 603 318 THE
630 262 991 318 METAMORPHOSES

206 444 321 509 Aonio
344 444 417 509 visa
439 454 489 511 est
511 444 635 522 iuveni,
657 455 772 510 tamen
794 444 849 511 ille
871 445 1027 511 decorem

205 552 350 617 miratur
366 552 494 636 magis3
519 562 552 617 et
568 573 686 618 cursus
705 551 786 618 facit
804 552 875 636 ipse
890 552 1053 619 decorem.

207 660 303 727 Aura
327 661 432 727 refert
454 662 565 728 ablata
587 661 663 728 citis
685 662 806 728 talaria
827 661 961 747 plantis,

206 781 372 855 tergaque
392 770 562 836 iactantur
581 770 690 837 crines
710 792 770 856 per
791 770 946 849 eburnea,
968 792 1121 855 quaeque

206 880 390 965 poplitibus
414 879 572 946 suberant
594 879 685 964 picto
706 880 864 964 genualia
886 880 1007 946 limbo:

208 990 308 1073 inque
329 989 470 1074 puellari
492 1009 614 1073 corpus
635 989 783 1055 candore
804 989 960 1055 ruborem

208 1108 370 1176 traxerat,
393 1098 484 1163 haud
505 1098 613 1176 aliter,
635 1118 736 1182 quam
758 1117 834 1163 cum
857 1118 956 1181 super
978 1097 1064 1162 atria
1085 1098 1197 1162 velum
1264 1110 1303 1155 sss

206 1206 352 1288 candida
374 1227 580 1291 purpureum
603 1205 778 1274 simulatas
801 1204 905 1271 inficit
927 1205 1073 1272 umbrae.

209 1315 301 1381 Dum
322 1326 416 1382 notat
440 1316 521 1381 haec
542 1316 674 1399 hospeS,
696 1315 836 1380 decursa
858 1313 1042 1379 novissima
1063 1324 1152 1379 meta
1173 1323 1234 1391 est,

206 1434 239 1490 et
261 1409 389 1509 tegitur
411 1423 497 1490 festa
519 1423 644 1490 victrix
665 1422 827 1490 Atalanta
850 1442 983 1489 corona.

206 1533 300 1598 Dant
319 1533 484 1618 gemitum
506 1532 596 1611 victi,
619 1533 838 1618 penduntque
856 1554 899 1597 ex
921 1532 1056 1623 loedere
1075 1552 1208 1615 poenas.

255 1641 359 1708 ‘Non
381 1652 494 1708 tamen
516 1651 638 1729 eventu
660 1640 792 1705 iuvenis
814 1640 994 1706 deterritus
1017 1641 1138 1705 horum
1263 1655 1302 1697 ⁶⁰⁰

207 1750 359 1817 constitit
381 1749 415 1815 in
438 1739 561 1828 me'dio,
584 1749 747 1833 vultuque
771 1749 805 1814 in
828 1749 961 1834 virgine
981 1746 1051 1813 fixo

209 1858 337 1943 “Quid
365 1857 499 1923 facilem
524 1857 661 1923 titulum
686 1857 876 1941 superando
902 1856 1035 1940 quaeris
1061 1856 1207 1922 inertes?

209 1968 347 2033 Mecum
370 1966 505 2033 confer!
520 1964 539 1991 ’'
563 1966 620 2032 ait.
671 1964 774 2032 “Seu
798 1986 852 2031 me
878 1965 1016 2031 fortuna
1039 1974 1210 2048 potentem

209 2075 336 2154 fecerit,
356 2096 376 2141 a
394 2084 493 2143 tanto
510 2097 579 2140 non
599 2074 819 2161 indignabere
838 2074 944 2152 vinci;

206 2205 352 2270 namque
368 2184 452 2251 mihi
470 2184 604 2270 genitor
623 2184 807 2269 Megareus
826 2181 1040 2261 Onchestius,
1060 2183 1106 2249 illi
1263 2198 1301 2242 eu

206 2306 257 2362 est
279 2295 459 2380 Neptunus
481 2315 575 2372 avuS,
597 2314 764 2378 pronepos
784 2315 849 2379 ego
871 2293 960 2378 regis
982 2313 1165 2376 aquarum;

206 2426 268 2470 nee
289 2404 397 2471 virtus
419 2403 504 2469 citra
525 2424 634 2487 genus
656 2412 715 2470 est.
765 2401 832 2468 Seu
855 2403 981 2480 vincar,
1004 2401 1141 2468 habebis

209 2514 426 2597 Hippomene
449 2512 539 2600 victo
564 2531 728 2596 magnum
752 2521 786 2576 et
810 2510 1026 2576 memorabile
1051 2509 1207 2576 nomen.'’

254 2621 374 2687 ‘Talia
397 2621 564 2686 dicentem
586 2619 679 2685 molli
705 2619 889 2686 Schoeneia
913 2620 1008 2684 vultu

206 2730 359 2814 adspicit,
383 2740 417 2796 et
438 2729 579 2808 dubitat,
602 2730 752 2813 superari
776 2751 819 2795 an
843 2729 975 2795 vincere
998 2730 1102 2795 malit.
1263 2744 1301 2788 no

208 2838 321 2922 Atque
340 2838 387 2904 ita
405 2837 527 2922 “Quis
545 2838 627 2903 deus
646 2838 734 2904 hunc
754 2838 916 2903 formosis
930 2836 949 2862 '‘
970 2837 1078 2920 inquit
1097 2836 1266 2921 “iniquus

206 2948 345 3030 perdere
366 2945 448 3025 vult,
470 2967 633 3030 caraeque
655 2945 745 3012 iubet
767 2946 960 3011 discrimine
983 2945 1072 3012 vitae

206 3054 403 3140 coniugium
425 3065 538 3139 petere
558 3055 644 3121 hoc?
691 3055 770 3122 Non
793 3076 878 3133 sum,
899 3077 952 3121 me
973 3054 1091 3133 iudice,
1113 3055 1207 3122 tanti.

207 3164 280 3231 Nec
296 3163 409 3230 forma
425 3174 550 3249 tangor
571 3163 743 3249 (poteram
758 3175 871 3231 tamen
887 3165 949 3230 hac
966 3186 1099 3249 quoque
1119 3166 1250 3250 tangi),

205 3273 264 3338 sed
278 3272 369 3357 quod
383 3272 495 3338 adhuc
508 3294 591 3357 puer
604 3284 672 3340 est:
687 3296 755 3340 non
770 3296 823 3340 me
836 3285 950 3341 movet
965 3275 1045 3360 ipse,
1061 3275 1119 3341 sed
1134 3286 1236 3342 aetas
1261 3292 1300 3338 nr

205 3381 299 3467 Quid
319 3383 411 3467 quod
432 3381 518 3448 inest
539 3383 648 3449 virtus
668 3393 700 3449 et
720 3406 818 3450 mens
840 3385 992 3451 interrita
1015 3385 1070 3450 leti
1081 3384 1100 3450 ΡΔ

204 3490 298 3575 Quid
321 3492 413 3577 quod
436 3492 478 3559 ab
501 3513 668 3576 aequorea
690 3503 890 3558 numeratur
911 3493 1044 3580 origine
1065 3495 1230 3578 quartus?

205 3601 298 3687 Quid
319 3601 412 3686 quod
435 3610 537 3677 amat,
560 3601 711 3684 tantique
731 3612 827 3685 putat
849 3602 991 3668 conubia
1013 3614 1140 3683 nostra,

205 3718 242 3775 ut
254 3718 378 3798 pereat,
396 3708 424 3773 si
439 3729 494 3774 me
508 3707 581 3774 lors
595 3708 642 3772 illi
657 3708 742 3774 dura
756 3709 913 3794 negarit?
1013 3769 1015 3774 .

206 3818 296 3883 Dum
315 3818 404 3896 licet,
421 3818 551 3901 hospes,
569 3817 634 3895 abi,
651 3818 882 3903 thalamosque
900 3820 1048 3904 relinque
1064 3833 1237 3888 cruentos:
1262 3839 1300 3882 sn
