3042 4475
500 266 745 322 SELECTIONS
774 266 884 321 FROM
912 266 1011 321 OVID

623 572 892 638 ATALANTA

261 758 441 824 ‘Forsitan
465 759 612 824 audieris
635 759 782 842 aliquam
807 757 989 823 certamine
1012 778 1129 823 cursus
1267 773 1305 817 seo

214 868 344 934 veloces
365 888 540 951 superasse
559 868 660 933 viros.
707 867 787 933 Non
810 866 924 934 fabula
946 888 1061 937 rumor

215 978 270 1044 ille
297 976 380 1043 fuit:
407 977 586 1061 superabat
612 976 719 1054 enim;
745 998 806 1042 nec
832 976 943 1059 dicere
966 998 1094 1061 posses

215 1088 315 1153 laude
337 1087 460 1170 pedum
487 1063 661 1186 formadne
683 1086 772 1153 bono
796 1086 1021 1171 praestantior
1046 1096 1141 1151 esset.

217 1194 359 1261 Scitanti
385 1195 467 1260 deus
492 1194 570 1261 huic
594 1194 638 1260 de
660 1194 805 1279 coniuge
830 1194 849 1221 “
864 1194 1019 1280 Coniuge
1032 1194 1051 1221 '’
1079 1195 1166 1261 dixit

215 1303 295 1368 “nil
317 1325 401 1387 opus
424 1314 484 1382 est,
508 1304 680 1382 Atalanta,
701 1304 780 1370 tibi:
805 1304 888 1389 fuge
908 1304 1062 1389 coniugis
1084 1304 1200 1370 usum!
1268 1320 1306 1362 555

217 1413 289 1478 Nec
311 1423 423 1478 tamen
445 1412 599 1498 effugies
622 1424 720 1497 teque
743 1414 815 1497 ipsa
838 1414 916 1479 viva
939 1412 1099 1479 carebis''

215 1520 351 1586 Territa
370 1531 459 1587 sorte
479 1522 531 1587 dei
550 1542 609 1605 per
627 1542 750 1605 opacas
770 1521 894 1588 innuba
914 1521 1017 1587 silvas

216 1630 311 1708 vivit,
334 1641 367 1697 et
389 1631 569 1697 instantem
592 1631 725 1703 turbam
750 1630 897 1697 violenta
921 1652 1100 1715 procorum

217 1717 414 1805 condicione
439 1738 547 1823 lugat,
573 1759 633 1804 nec
659 1738 779 1804 “Sum
804 1737 977 1822 potiunda,
1003 1738 1067 1804 nisi
1083 1737 1101 1763 ''
1129 1738 1237 1823 inquit

217 1846 237 1874 “
252 1846 340 1913 victa
362 1847 455 1931 prius
478 1868 587 1912 cursu.
636 1847 782 1913 Pedibus
805 1847 996 1913 contendite
1018 1869 1166 1913 mecum:
1269 1836 1307 1905 550

216 1954 365 2039 praemia
387 1954 492 2028 veloci
515 1955 664 2021 coniunx
685 1955 892 2040 thalamique
913 1956 1092 2034 dabuntur,

217 2084 310 2129 mors
333 2074 407 2147 pret
409 2064 478 2129 ium
503 2075 536 2130 ta
556 2064 618 2129 dis
668 2064 720 2129 Ea
744 2064 800 2129 lex
824 2064 1016 2129 certaminis
1041 2063 1146 2163 e9t0.”

209 2166 280 2238 llla
301 2140 444 2281 quiitem
451 2085 618 2284 lamiis:
626 2172 742 2238 sedt
693 2132 742 2292 ist
745 2178 824 2238 anta
845 2130 1059 2348 ροζεῖιῖῖψ
1032 2193 1201 2263 ormaejs
1203 2173 1235 2258 t)

217 2282 309 2349 venit
328 2283 371 2348 ad
391 2283 479 2348 hanc
498 2282 607 2367 legem
625 2281 805 2347 temeraria
824 2292 879 2347 tur
903 2303 922 2347 a
941 2303 1130 2366 procorum.

263 2391 426 2458 ‘Sederat
455 2370 686 2478 Hipprimenes
711 2412 830 2457 cursus
857 2402 1023 2475 spectator
1049 2392 1153 2481 iniqui
1271 2407 1310 2449 575

218 2511 251 2566 et
275 2500 441 2566 “Petitur
464 2500 620 2583 cuiquam
643 2521 702 2583 per
726 2509 821 2565 tanta
843 2499 989 2583 pericula
1012 2499 1183 2564 coniunx?
1197 2498 1216 2524 ''

218 2609 360 2686 dixerat,
382 2630 420 2674 ac
443 2608 565 2673 nimios
586 2608 745 2674 iuvenum
767 2608 943 2698 damnarat
965 2629 1105 2673 amores

217 2716 268 2784 Ut
292 2716 413 2782 faciem
437 2726 469 2782 et
492 2715 603 2800 posito
626 2737 748 2799 corpus
772 2715 938 2800 velamine
960 2716 1055 2795 vidit,

217 2826 316 2910 quale
335 2847 459 2903 meum,
476 2825 531 2890 vel
550 2825 650 2909 quale
667 2835 775 2903 tuum,
795 2824 823 2889 si
845 2823 971 2889 femina
990 2823 1061 2902 fias,

219 2934 390 3018 obstipuit,
414 2934 601 3017 tollensque
622 2954 741 2998 manus
766 2932 991 3017 “Ignoscitess
995 2931 1115 2998 'dixit
1271 2949 1310 2991 580

220 3042 337 3127 q“uos
361 3042 463 3107 modo
488 3041 629 3125 culpavi
681 3041 843 3107 Nondum
868 3041 951 3107 mihi
976 3041 1124 3124 praemia
1149 3052 1239 3119 nota,

218 3173 303 3235 quae
322 3161 377 3234 pet
379 3161 448 3216 eret
450 3151 488 3229 is,
510 3149 626 3216 erant.
631 3149 870 3216 ’Laudando
893 3149 1036 3248 concipit
1059 3150 1153 3244 ignes

219 3270 262 3337 et,
288 3281 330 3324 ne
353 3259 427 3343 quis
451 3259 610 3324 iuvenum
633 3272 745 3327 currat
769 3259 925 3336 velocius,
951 3268 1054 3342 optat,

220 3366 414 3450 invidiaque
437 3365 602 3432 timet.‘
606 3365 697 3433 ‘Sed
723 3387 782 3431 cur
807 3365 998 3432 certaminis
1025 3366 1124 3430 huius

220 3475 417 3558 intemptata
442 3474 525 3543 mihi
553 3474 691 3540 fortuna
717 3473 940 3558 relinquitur?
954 3473 972 3499 ''
1001 3473 1108 3558 inquit
1272 3487 1310 3531 585

220 3581 428 3647 “Audentes
451 3583 533 3648 deus
556 3582 773 3666 ipse·iuvat.''
820 3583 912 3649 Dum
935 3582 1016 3648 talia
1038 3603 1149 3647 secum

218 3690 326 3776 exigit
346 3691 588 3774 Hippomenes,
608 3712 710 3775 passu
729 3692 821 3757 volat
839 3691 918 3758 alite
936 3691 1044 3776 virgo.

219 3799 318 3885 Quae
337 3820 541 3883 quamquam
564 3799 722 3885 Scythica
743 3820 811 3864 non
832 3797 934 3864 setius
956 3798 1004 3864 ire
1025 3797 1150 3883 sagitta
