3042 4475
260 319 301 388 7²
553 308 797 367 saracrrons
827 312 937 367 anon
966 312 1065 367 orn>

265 491 457 568 Proximus
475 492 592 557 audito
610 492 721 557 sonitu
738 478 798 578 per
814 493 913 558 inane
930 492 1116 579 pharetrae,
1318 508 1356 551 2³⁰

265 600 360 667 frena
384 602 486 667 dabat
511 602 657 686 Sipylus,
681 602 785 668 veluti
808 623 885 668 curn
908 604 1077 688 praescius
1101 602 1217 669 imbris

265 708 352 774 nube
378 709 468 794 fugit
492 710 575 787 visa,
601 710 844 795 pendentiaque
868 710 1015 795 undique
1040 722 1148 777 rector

263 816 402 883 carbasa
416 817 562 896 deducit,
579 840 623 885 ne
640 840 706 903 qua
722 819 808 885 levis
822 819 933 886 effluat
949 841 1042 886 aura.

264 925 374 991 Frena
397 926 516 993 dabat:
540 927 677 992 dantem
701 948 770 993 non
794 928 950 995 evitabile
972 930 1079 995 telum

262 1034 495 1119 consequitur;
518 1056 716 1120 summaque
737 1046 884 1103 tremens
906 1037 1034 1104 cervice
1056 1038 1181 1123 sagitta
1318 1053 1356 1096 2³⁵

262 1144 381 1222 haesit,
404 1155 436 1211 et
458 1147 613 1212 exstabat
635 1146 765 1212 nudum
788 1147 830 1213 de
850 1157 988 1232 gutture
1011 1146 1148 1213 ferrum.

264 1253 335 1333 Ille,
356 1266 393 1321 ut
415 1265 496 1335 erat,
518 1277 644 1342 pronus
665 1277 724 1341 per
744 1278 842 1323 crura
863 1257 1011 1323 admissa
1033 1256 1195 1342 iubasque

264 1364 421 1441 volvitur,
450 1374 483 1429 et
510 1364 618 1431 calido
645 1366 798 1431 tellurem
827 1365 990 1450 sanguine
1019 1366 1142 1432 foedat.

264 1471 469 1538 Phaedimus
495 1472 616 1539 infelix
641 1484 675 1540 et
699 1473 781 1539 aviti
807 1474 955 1540 nominis
980 1475 1075 1541 heres

262 1580 438 1658 Tantalus,
460 1590 498 1646 ut
519 1582 619 1647 solito
640 1582 741 1649 finem
763 1582 952 1667 imposuere
973 1583 1089 1661 labori,
1317 1599 1355 1643 no

262 1689 466 1756 transierant
489 1691 534 1756 ad
556 1712 641 1776 opus
664 1691 793 1758 nitidae
815 1692 969 1759 iuvenale
991 1694 1196 1778 palaestrae3

261 1809 294 1865 et
317 1798 385 1865 iam
408 1800 619 1865 contulerant
641 1811 716 1866 arto
739 1800 900 1867 luctantia
923 1823 1013 1867 nexu

261 1918 397 1992 pectora
420 1909 621 1993 pectoribus
646 1931 723 1976 curn
746 1919 840 1976 tento
864 1910 995 1977 concita
1019 1932 1134 1990 nerv0,

262 2017 347 2084 sicut
369 2028 464 2084 erant
486 2017 601 2097 iuncti,
621 2018 752 2085 traiecit
773 2029 953 2105 utrumque
973 2019 1107 2104 sagitta.

262 2126 463 2211 Ingemuere
480 2126 589 2206 simul,
609 2126 708 2192 simul
727 2126 902 2193 incurvata
920 2128 1036 2193 dolore
1316 2144 1354 2189 2⁴5

261 2238 411 2303 membra
438 2238 510 2303 solo
535 2259 688 2323 posuere,
715 2238 815 2304 simul
841 2259 996 2323 suprema
1023 2240 1168 2305 iacentes

261 2346 389 2412 lumina
412 2357 599 2425 versarunt,
622 2347 772 2412 animam
793 2347 892 2412 simul
913 2347 1124 2413 exhalarunt.

262 2455 417 2540 Adspicit
442 2456 626 2540 Alphenor,
653 2456 844 2540 laniataque
868 2466 1002 2540 pectora
1027 2458 1190 2541 plangens

260 2564 408 2643 advolat,
431 2577 467 2633 ut
488 2565 618 2650 gelidos
640 2565 871 2650 complexibus
891 2565 1023 2630 adlevet
1044 2575 1149 2644 artus,

260 2672 361 2757 inque
374 2673 431 2758 pio
446 2673 536 2739 cadit
551 2673 680 2738 officio:
696 2694 774 2738 nam
791 2673 909 2738 Delius
925 2672 972 2737 illi
1314 2689 1354 2732 no

260 2783 380 2849 intima
401 2783 540 2849 fatifero
561 2783 650 2868 rupit
671 2782 867 2868 praecordia
890 2782 989 2847 ferro

259 2893 363 2979 Quod
383 2892 482 2958 simul
504 2892 663 2958 eductum
682 2902 742 2970 est,
763 2913 840 2977 pars
860 2902 909 2958 est
929 2891 1097 2977 pulmonis
1118 2892 1152 2956 in
1172 2892 1282 2957 hamis

259 3013 366 3079 eruta,
387 3023 531 3087 cumque
550 3001 664 3067 anima
684 3023 785 3067 cruor
804 3012 854 3067 est
875 3000 1004 3066 effusus
1025 3001 1059 3065 in
1081 3021 1191 3066 auras.

259 3112 308 3178 At
333 3134 400 3178 non
427 3111 599 3177 intonsum
625 3110 769 3197 simplex
794 3110 1084 3176 Damasichthona
1111 3111 1233 3176 vulnus

260 3221 382 3287 adficit.
428 3221 519 3286 Ictus
538 3230 620 3298 erat,
642 3241 707 3304 qua
726 3240 803 3286 crus
823 3241 895 3285 esse
915 3219 1040 3303 incipit,
1062 3231 1094 3286 et
1115 3239 1180 3302 qua

223 3400 226 3404 ,
259 3329 374 3395 mollia
398 3351 560 3396 nervosus
585 3329 666 3395 lacit
690 3329 880 3394 internodia
903 3329 1027 3414 poples.

260 3439 418 3523 Dumque
439 3461 542 3505 manu
565 3420 707 3524 temptat
728 3438 862 3504 trahere
882 3438 1053 3504 exitiabile
1074 3437 1189 3515 telum,

260 3549 367 3615 altera
389 3570 449 3633 per
471 3549 625 3634 iugulum
646 3548 764 3633 pennis
786 3557 884 3613 tenus
905 3557 981 3613 acta
1004 3546 1128 3632 sagitta
1152 3556 1211 3612 est.

261 3659 402 3743 Expulit
423 3658 509 3725 hanc
531 3659 681 3743 sanguis,
703 3679 804 3742 seque
825 3657 1006 3723 eiaculatus
1030 3655 1063 3720 in
1086 3657 1192 3721 altum

260 3768 390 3846 emicat,
412 3779 445 3834 et
467 3769 566 3852 longe
586 3767 752 3833 terebrata
774 3765 904 3849 prosilit
925 3785 1017 3830 aura.

260 3876 412 3943 Ultimus
435 3877 582 3943 Ilioneus
603 3898 672 3942 non
693 3874 887 3959 profectura
910 3874 1078 3957 precando
