3042 4475
511 301 596 355 THE
623 298 984 358 METAMORPHOSES

201 478 356 546 Pondere
377 481 541 566 serpentis
561 494 700 549 curvata
721 494 772 549 est
792 482 903 561 arbor,
924 493 957 549 et
978 483 1046 549 ima

199 598 296 672 parte
314 589 480 674 flagellari
498 592 628 675 gemuit
647 613 708 659 sua
726 593 849 659 robora
868 593 1005 659 caudae.

246 699 338 764 Dum
357 699 504 784 spatium
521 700 629 767 victor
646 700 726 767 victi
743 702 937 768 considerat
954 700 1073 779 hostis,

113 799 117 803 ’
199 829 269 873 vox
284 808 396 874 subito
412 809 528 876 audita
544 820 612 889 est;
629 831 739 895 neque
755 821 829 877 erat
845 830 1050 896 cognoscere
1065 818 1259 893 promptum
1323 842 1327 850 ·

198 915 299 997 unde,
318 918 377 984 sed
392 918 509 985 audita
528 929 598 985 est:
616 918 624 945 ‘
639 919 744 1004 Quid,
762 918 924 1004 Agenore
941 928 1031 995 nate,
1048 928 1258 1003 peremptum

199 1036 388 1109 serpentem
411 1028 564 1112 spectas?
610 1028 656 1094 Et
678 1037 716 1092 tu
738 1026 930 1112 spectabere
953 1026 1110 1111 serpens.’

245 1134 307 1201 Ille
323 1134 382 1201 diu
398 1136 543 1221 pavidus
560 1138 687 1221 pariter
704 1158 781 1204 cum
800 1147 912 1203 mente
928 1137 1076 1203 colorem

196 1244 403 1328 perdiderat,
422 1244 602 1331 gelidoque
621 1268 739 1313 comae
758 1258 888 1313 terrore
908 1246 1073 1331 rigebant.

197 1352 287 1419 Ecce
302 1353 367 1419 viri
385 1354 526 1433 fautrix,
543 1376 683 1440 superas
698 1355 837 1440 delapsa
852 1376 911 1439 per
927 1375 1039 1432 auras

197 1463 310 1527 Pallas
333 1463 439 1541 adest,
462 1475 642 1549 motaeque
664 1463 755 1529 iubet
779 1484 966 1548 supponere
990 1473 1100 1529 terrae

195 1569 348 1654 vipereos
372 1572 499 1649 dentes,
522 1572 637 1657 populi
662 1571 872 1638 incrementa
898 1570 1015 1638 futuri.

197 1680 309 1757 Paret,
336 1690 369 1745 et
392 1690 430 1745 ut
454 1702 571 1765 presso
596 1683 726 1747 sulcum
751 1680 909 1766 patefecit
935 1690 1059 1757 aratro,
1101 1712 1105 1722 ·

194 1788 325 1873 spargit
346 1788 440 1855 humi
462 1790 582 1868 iussos
604 1790 762 1857 mortalia
784 1786 923 1869 semina,
944 1790 1070 1855 dentes.

240 1898 327 1965 Inde
352 1897 437 1982 (fide
457 1899 588 1984 maius)
614 1899 756 1985 glaebae
776 1920 916 1984 coepere
936 1898 1077 1977 moveri,

193 2008 369 2093 primaque
388 2008 431 2074 de
449 2008 549 2078 sulcis
569 2008 661 2075 acies
680 2008 837 2094 apparuit
856 2009 986 2085 hastae,
1108 2020 1114 2035 '

193 2118 346 2203 tegmina
366 2136 449 2184 mox
469 2118 618 2203 capitum
638 2117 729 2203 picto
748 2117 906 2184 nutantia
926 2139 1024 2195 con0,

192 2250 274 2294 mox
296 2227 405 2294 umeri
428 2238 611 2313 pectusque
631 2237 837 2312 onerataque
858 2226 1014 2294 bracchia
1036 2226 1111 2292 telis

191 2338 371 2416 exsistunt,
394 2337 581 2421 crescitque
603 2358 700 2422 seges
722 2336 864 2422 clipeata
886 2336 1047 2402 virorum.

194 2446 250 2513 Sic
270 2447 327 2513 ubi
347 2447 514 2516 tolluntur
535 2446 631 2512 iestis
652 2447 774 2512 aulaea
795 2445 949 2523 theatris,

192 2577 331 2640 surgere
353 2555 452 2640 signa
475 2556 592 2634 solent,
616 2555 831 2640 primumque
852 2554 1029 2619 ostendere
1051 2555 1174 2630 vultus

78 2741 88 2762 ι
189 2676 301 2731 cetera
321 2664 496 2749 paulatim,
518 2663 718 2748 placidoque
737 2663 859 2729 educta
878 2672 997 2729 tenore

191 2784 263 2839 tota
287 2783 413 2858 patent,
439 2773 574 2857 imoque
597 2773 698 2857 pedes
724 2773 759 2838 in
784 2772 938 2857 margine
962 2782 1100 2857 ponunt.

190 2881 346 2948 Territus
363 2881 461 2948 hoste
477 2903 570 2948 novo
585 2881 736 2948 Cadmus
753 2902 872 2966 capere
889 2903 986 2946 arma
1004 2882 1162 2965 parabat:
1276 2897 1288 2937 ⁵

191 2991 270 3056 ‘Ne
291 2990 394 3078 cape,’
419 2992 462 3056 de
483 2992 618 3075 popu10,
642 3011 742 3074 quem
766 2999 855 3056 terra
879 2999 1060 3067 creaverat,
1085 3010 1172 3054 unus

189 3098 358 3165 exclamat
382 3098 466 3165 ‘nec
486 3109 522 3164 te
541 3098 697 3165 civilibus
718 3098 832 3164 insere
854 3097 971 3176 bellis'

188 3208 304 3294 Atque
322 3207 369 3274 ita
387 3208 568 3294 terrigenis
587 3209 700 3294 rigido
718 3210 762 3274 de
780 3208 942 3274 fratribus
961 3229 1066 3274 unum

187 3317 379 3384 comminus
400 3339 481 3384 ense
505 3318 601 3396 lerit3
624 3318 734 3384 iaculo
755 3317 847 3384 cadit
869 3317 1003 3383 eminus
1025 3317 1103 3401 ipse.

188 3429 295 3494 Hunc
312 3449 448 3513 quoque
464 3428 521 3512 qui
541 3428 608 3493 leto
626 3427 779 3505 dederat,
798 3448 867 3491 non
886 3427 1022 3510 longius
1042 3427 1100 3492 illo

189 3537 284 3616 vivit,
307 3547 341 3604 et
363 3537 515 3621 exspirat
537 3538 640 3604 modo
663 3558 747 3621 quas
769 3546 941 3620 acceperat
963 3557 1080 3614 auras;

186 3647 411 3731 exemploque
430 3644 503 3730 pari
525 3645 609 3712 furit
629 3645 740 3711 omnis
759 3645 870 3723 turba,
892 3666 1020 3729 suoque

187 3757 302 3822 Marte
320 3756 449 3822 cadunt
470 3754 570 3820 subiti
590 3775 652 3839 per
671 3764 791 3820 mutua
811 3755 950 3819 vulnera
973 3753 1106 3820 fratres.

185 3865 328 3951 lamque
347 3863 464 3930 brevis
484 3862 574 3929 vitae
593 3863 740 3948 spatium
760 3862 880 3928 sortita
900 3863 1057 3929 iuventus
