3042 4475
519 253 602 309 THE
630 254 990 310 METAMORPHOSES

207 433 443 517 quodtremit,
464 434 589 521 exigua
608 456 686 502 curn
705 455 875 501 summum
895 433 1074 520 stringitur
1093 454 1184 500 aura.

208 542 279 609 Sed
299 554 479 627 postquam
501 554 671 611 remorata
692 565 771 610 suos
791 542 953 630 cognovit
973 562 1119 619 amores

206 653 351 737 percutit
373 652 536 738 indignos
557 653 649 720 claro
670 653 836 739 plangore
857 653 1008 731 lacertos

207 775 242 830 et
263 762 390 828 laniata
410 783 525 829 comas
544 761 767 846 amplexaque
786 781 908 847 corpus
928 771 1079 827 amatum

208 872 347 937 vulnera
374 871 542 957 supplevit
568 870 726 949 lacrimis,
754 870 936 955 fletumque
963 869 1074 935 cruori
1265 882 1303 925 1⁴⁰

208 979 352 1059 miscuit,
376 990 410 1046 et
433 979 554 1066 gelidis
578 980 613 1044 in
635 979 784 1045 vultibus
807 980 921 1044 oscula
944 977 1051 1064 figens

210 1087 401 1172 ‘Pyrame’
424 1087 593 1167 clamavit,
617 1087 715 1173 ‘quis
737 1098 772 1153 te
792 1087 875 1153 mihi
897 1108 995 1153 casus
1018 1085 1167 1153 ademit?

210 1197 366 1282 Pyrame‚
389 1197 572 1282 responde:
594 1208 653 1264 tna
674 1208 709 1263 te
728 1197 903 1264 carissima
924 1196 1052 1262 Thisbe

209 1306 380 1373 nominat:
403 1307 528 1373 exaudi
551 1308 732 1391 vultusque
751 1306 870 1373 attolle
891 1304 1074 1370 iacentesl’

207 1415 264 1481 Ad
279 1436 404 1481 nomen
421 1414 566 1481 Thisbes
581 1415 697 1481 oculos
715 1415 782 1481 iam
800 1425 910 1481 morte
925 1423 1087 1499 gravatos
1264 1427 1303 1470 14⁵

209 1526 378 1610 Pyramus
398 1524 520 1603 erexit,
543 1523 683 1608 visaque
704 1523 896 1591 recondidit
919 1522 984 1588 illa.

253 1635 352 1721 Quae
371 1644 551 1719 postquam
573 1644 767 1717 vestemque
789 1654 884 1700 suam
907 1632 1077 1717 cognovit,
1101 1642 1134 1697 et
1156 1650 1234 1696 ense

207 1743 293 1808 vidit
315 1743 397 1808 ebur
420 1763 574 1820 vacuum,
599 1741 697 1807 ‘Tua
719 1752 753 1808 te
774 1740 916 1807 manus'
942 1740 1050 1824 inquit
1074 1740 1257 1823 ‘amorque

206 1851 364 1936 perdidit,
386 1850 522 1917 infelix.
568 1852 631 1919 Est
651 1851 789 1918 etmihi
813 1850 912 1917 fortis
934 1851 969 1915 in
990 1871 1096 1917 unum

206 1961 270 2026 hoc
285 1981 418 2038 manuS,
435 1970 486 2025 est
501 1970 533 2026 et
550 1980 664 2026 amor:
681 1960 775 2026 dabit
792 1960 846 2026 hic
863 1960 898 2025 in
915 1959 1054 2025 vulnera
1072 1959 1169 2024 vires.
1264 1972 1302 2015 1⁵⁰

209 2070 396 2153 Persequar
420 2069 635 2147 exstinctum,
662 2069 785 2153 letique
810 2068 999 2134 miserrima
1024 2068 1117 2133 dicar

207 2198 308 2244 causa
327 2198 508 2262 comesque
526 2178 575 2246 tui
586 2158 612 2269 ;(
614 2178 738 2264 quique
757 2200 779 2244 a
797 2200 853 2245 me
873 2189 984 2245 morte
1004 2176 1119 2244 revelli

207 2289 272 2354 heu
292 2288 364 2354 sola
384 2279 539 2374 poteras}
553 2274 681 2373 poteris
702 2310 763 2355 nec
783 2299 892 2354 morte
912 2287 1036 2354 revelli.

208 2398 286 2465 Hoc
307 2408 422 2464 tamen
444 2382 622 2464 amborum
645 2398 756 2464 verbis
779 2409 886 2465 estote
908 2397 1030 2482 rogati,

205 2529 227 2572 0
242 2507 387 2573 multum
405 2507 518 2573 miseri
536 2528 631 2573 meus
648 2507 803 2592 illiusque
819 2517 985 2591 parentes,
1264 2519 1302 2563 1⁵⁵

206 2628 244 2683 ut
264 2638 349 2702 quos
371 2627 482 2682 certus
504 2637 610 2695 amor,
631 2638 717 2702 quos
737 2617 821 2682 hora
843 2615 1028 2697 novissima
1051 2613 1175 2693 iunxit,

206 2727 364 2811 componi
383 2725 516 2792 tumulo
535 2747 604 2792 non
623 2725 804 2792 invideatis
823 2726 951 2791 eodem.

206 2837 254 2902 At
270 2848 307 2903 tu
325 2857 413 2921 quae
431 2835 535 2901 ramis
553 2836 653 2901 arbor
669 2835 862 2902 miserabile
878 2856 999 2919 corpus

206 2968 297 3012 nunc
318 2946 407 3033 tegis
428 2945 541 3023 unius,
564 2967 645 3011 mox
667 2966 704 3011 es
724 2956 854 3012 tectura
876 2946 1032 3024 duorum,

207 3056 305 3140 signa
327 3043 403 3120 tene
424 3055 545 3132 caedis,
569 3055 744 3139 pullosque
766 3066 799 3121 et
821 3054 964 3119 luctibus
986 3064 1088 3138 aptos¹
1265 3067 1303 3110 16⁰

207 3184 338 3248 semper
363 3163 448 3228 habe
475 3162 575 3240 fetus,
601 3163 727 3249 gemini
753 3164 961 3229 monimenta
986 3161 1137 3229 cruoris.'

251 3270 363 3350 Dixit,
386 3281 421 3337 et
443 3281 561 3357 aptato
582 3284 699 3359 pectus
721 3295 882 3340 mucrone
904 3273 966 3338 sub
989 3272 1095 3338 imum
1165 3329 1167 3334 .

207 3379 358 3447 incubuit
380 3379 485 3460 ferro,
506 3382 597 3466 quod
617 3381 727 3448 adhuc
745 3404 766 3448 a
785 3383 887 3449 caede
908 3383 1049 3467 tepebat.

207 3489 298 3557 Vota
321 3501 436 3557 tamen
458 3491 599 3575 tetigere
621 3492 712 3568 deos,
734 3492 877 3578 tetigere
900 3502 1074 3576 parentes:

206 3621 283 3665 nam
302 3599 398 3665 color
418 3599 452 3664 in
470 3620 573 3683 pomo
591 3609 651 3678 est,
671 3599 727 3666 ubi
747 3601 981 3684 permaturuit,
1001 3611 1083 3678 ater,
1264 3615 1303 3658 1⁶⁵

207 3710 366 3794 quodque
389 3708 484 3792 rogis
508 3719 668 3794 superest,
693 3730 760 3809 una
785 3708 962 3794 requiescit
986 3709 1020 3774 in
1044 3730 1139 3774 urna.
