3042 4475
521 281 604 334 THE
631 282 991 337 METAMORPHOSES
1261 298 1301 364 95

257 464 390 548 ‘Signa
410 464 509 531 tubae
529 464 699 543 dederant,
721 485 798 530 cum
819 485 951 530 carcere
970 486 1096 549 pronus
1117 475 1257 550 uterque

210 571 341 648 emicat,
365 580 398 636 et
423 592 589 638 summam
612 573 710 638 celeri
734 573 818 658 pede
842 572 924 639 libat
948 574 1116 640 harenam.

212 680 316 746 Posse
335 690 433 763 putes
452 680 527 746 illos
546 680 633 746 sicco
654 681 741 747 freta
762 682 880 749 radere
900 703 1011 767 passu,

209 797 242 853 et
262 787 386 872 segetis
405 808 508 853 canae
527 798 654 854 stantes
672 810 867 874 percurrere
886 789 1016 857 aristas.
1264 806 1302 848 ⁶⁵⁵

209 897 373 964 Adiciunt
393 898 526 964 animos
546 898 658 965 iuveni
678 899 873 984 clamorque
892 898 1057 985 favorque

211 1005 378 1091 verbaque
400 1007 588 1073 dicentum:
611 1006 632 1034 ‘⁴
646 1007 757 1087 Nunc,
782 1029 871 1074 nunc
894 1007 1084 1075 incumbere
1107 1007 1255 1092 tempus!

212 1115 436 1199 Hippomene,
458 1115 618 1201 propera!
663 1115 765 1182 Nunc
786 1115 914 1184 viribus
934 1126 1028 1181 utere
1050 1116 1147 1182 totis!

212 1223 302 1290 Pelle
318 1244 461 1303 moram,
479 1224 609 1295 vinces!
623 1223 643 1249 ''
684 1224 846 1304 Dubium,
867 1226 1062 1311 Megareius
1080 1226 1179 1291 heros

208 1332 365 1415 gaudeat,
388 1354 432 1398 an
452 1331 551 1416 virgo
571 1334 682 1419 magis
701 1334 754 1400 his
776 1334 961 1401 Schoeneia
980 1334 1087 1400 dictis
1265 1348 1303 1391 ⁶⁶⁰

210 1440 243 1507 O
265 1441 431 1526 quotiens,
453 1462 530 1508 cum
550 1441 617 1507 iam
639 1452 752 1526 posset
775 1443 928 1521 transire,
951 1452 1082 1509 morata
1104 1451 1165 1519 est,

210 1560 442 1635 spectatosque
464 1550 523 1617 diu
546 1551 659 1617 vultus
682 1550 789 1617 invita
813 1550 963 1637 reliquit!

209 1659 338 1725 Aridus
360 1682 379 1726 e
399 1659 489 1733 lasso
510 1660 665 1727 veniebat
686 1660 854 1732 anhelitus
875 1681 944 1739 ore,

210 1779 367 1855 metaque
388 1780 459 1835 erat
480 1769 589 1853 longe.
634 1769 725 1835 Tum
745 1770 888 1855 denique
908 1770 949 1836 dc
969 1770 1076 1837 tribus
1095 1791 1200 1835 unum

211 1877 335 1963 letibus
352 1877 502 1943 arboreis
519 1878 630 1961 proles
648 1877 821 1962 Neptunia
837 1878 939 1944 misit.
1265 1892 1304 1936 π

210 1987 386 2071 Obstipuit
407 1986 517 2077 virg0,
538 1986 705 2072 nitidique
724 1988 881 2072 cupidine
899 1988 990 2073 pomi

210 2096 355 2165 declinat
373 2117 501 2175 cursus,
523 2117 709 2183 aurumque
728 2096 874 2164 volubile
895 2097 992 2163 tollit.

212 2204 378 2272 Praeterit
402 2204 651 2290 Hippomenes!
699 2198 872 2275 Resonant
895 2205 1083 2292 spectacula
1105 2207 1235 2292 plausu.

212 2315 275 2381 Illa
296 2337 430 2385 moram
450 2316 548 2383 celeri
570 2327 769 2401 cessataque
789 2326 940 2402 tempora
962 2338 1062 2382 cursu

211 2425 363 2509 corrigit,
384 2436 484 2510 atque
506 2425 629 2492 iterum
648 2425 804 2492 iuvenem
823 2436 899 2510 post
919 2436 1015 2510 terga
1035 2424 1201 2510 relinquit.
1268 2440 1306 2482 67⁰

212 2535 257 2601 Et
282 2555 399 2601 rursus
422 2534 514 2618 pomi
538 2534 628 2600 iactu
652 2543 821 2600 remorata
845 2534 981 2600 secundi

212 2644 429 2729 consequitur
449 2643 638 2729 transitque
659 2643 781 2710 virum.
829 2644 913 2710 Pars
935 2644 1054 2710 ultima
1075 2665 1193 2710 cursus

213 2753 359 2820 restabat
369 2774 377 2830 ;
396 2753 415 2780 ‘⁴
431 2753 531 2819 Nunc
545 2752 564 2779 ”
584 2753 694 2838 inquit
712 2752 732 2780 “
745 2753 836 2832 ades,
855 2753 917 2818 dea
936 2753 1085 2818 muneris
1104 2752 1237 2818 auctor!
1252 2751 1270 2776 ”

212 2863 315 2947 inque
335 2862 424 2928 latus
444 2861 564 2945 campi,
586 2883 654 2945 quo
675 2862 806 2928 tardius
829 2861 885 2927 illa
907 2861 1043 2939 rediret,

213 2971 291 3037 iecit
313 2971 356 3036 ab
377 2970 515 3055 obliquo
537 2971 683 3036 nitidum
707 2970 906 3036 iuvenaliter
930 2990 1059 3036 aurum.
1269 2984 1307 3026 67⁵

212 3080 271 3146 An
294 3089 430 3164 peteret,
454 3079 553 3166 virgo
575 3080 648 3146 visa
669 3091 719 3146 est
742 3079 915 3146 dubitare:
937 3078 1032 3164 coegi

213 3190 340 3267 tollere,
363 3199 396 3255 et
417 3189 522 3254 adieci
544 3189 676 3254 sublato
697 3189 847 3273 pondera
868 3189 968 3267 ina10,

214 3297 419 3382 impediique
438 3297 553 3363 oneris
574 3297 700 3382 pariter
720 3297 889 3381 gravitate
910 3318 1080 3381 moraque.

214 3407 312 3472 Neve
333 3427 427 3472 meus
448 3427 558 3472 sermo
579 3427 680 3471 cursu
701 3406 745 3471 sit
766 3405 896 3471 tardior
918 3406 1000 3489 ipsu,

214 3515 397 3600 praeterita
418 3525 468 3581 est
490 3515 607 3600 virgo:
630 3515 729 3580 duxit
751 3535 812 3580 sua
834 3514 981 3598 praemia
1005 3512 1134 3579 victor.’
1271 3527 1309 3570 680
