3042 4475
248 270 292 347 64
540 268 785 325 sruscnons
813 269 924 324 suoru
952 268 1052 323 ovio

252 450 402 515 constitit
426 459 503 514 ante
526 450 633 527 deam,
660 449 810 533 risitque,
834 448 1036 531 avidamque
1061 448 1203 513 vocavit.

252 556 395 622 Offensa
417 568 476 634 est,
499 578 606 639 neque
627 557 737 621 adbuc
757 566 857 641 epota
878 566 973 641 parte
995 557 1186 639 loquentem

252 686 328 729 cum
351 664 478 747 liquido
500 664 607 729 mixta
629 664 780 748 perfudit
801 665 880 730 diva
901 666 1046 748 polenta.

252 771 421 837 Combibit
439 793 478 836 os
496 774 654 849 maculas,
672 783 706 838 et
722 794 809 857 quae
826 774 928 839 modo
947 773 1101 839 bracchia
1119 775 1234 859 gessit,

251 903 350 947 crura
373 881 479 965 gerit;
501 881 608 946 cauda
631 892 681 947 est
703 882 843 948 mutatis
866 883 982 948 addita
1005 884 1181 959 membris;

252 991 354 1073 inque
375 990 513 1055 brevem
534 990 691 1068 formam,
711 1012 754 1055 ne
774 991 817 1056 sit
837 991 888 1056 vis
906 1012 1032 1077 magna
1053 992 1207 1069 nocendi,

251 1100 472 1177 contrahitur,
494 1121 665 1185 parvaque
685 1100 798 1166 minor
818 1122 977 1166 mensura
999 1102 1123 1166 lacerta
1144 1110 1202 1165 est.

253 1210 437 1274 Mirantem
460 1210 663 1294 flentemque
685 1220 717 1275 et
739 1219 879 1295 tangere
901 1220 1053 1275 monstra
1075 1220 1252 1293 parantem

253 1318 343 1402 fugit
367 1339 479 1394 anum,
505 1318 733 1402 latebramque
756 1318 856 1402 petit;
881 1328 1063 1402 aptumque
1086 1318 1189 1383 colori

251 1448 374 1491 nomen
394 1427 504 1504 habet,
524 1427 627 1491 variis
648 1428 801 1493 stellatus
821 1449 962 1512 corpora
981 1428 1098 1512 guttis.

297 1536 394 1620 Quas
415 1537 477 1601 dea
498 1557 560 1620 per
579 1537 738 1602 terras'et
759 1557 843 1619 quas
862 1536 1026 1621 erraverit
1047 1537 1165 1614 undas,

252 1646 363 1711 dicere
382 1646 485 1729 longa
506 1667 601 1710 mora
621 1655 689 1711 est:
709 1645 886 1730 quaerenti
907 1645 1019 1710 deluit
1038 1646 1138 1711 orbis

253 1755 425 1821 Sicaniam
448 1754 586 1839 repetit,
610 1754 758 1837 dumque
778 1753 894 1819 omnia
918 1754 1037 1821 lustrat
1060 1754 1182 1831 eund0‚

251 1865 342 1929 venit
361 1863 455 1929 etad
475 1862 622 1947 Cyanen.
668 1863 719 1927 Ea
739 1862 773 1926 ni
794 1871 924 1927 mutata
945 1861 1075 1940 fuisset,

251 1973 367 2039 omnia
389 1983 581 2038 narrasset:
603 1972 661 2037 sed
683 1981 717 2037 et
738 1993 777 2037 os
798 1981 830 2036 et
852 1971 969 2055 lingua
990 1972 1118 2036 volenti

252 2084 363 2149 dicere
383 2105 450 2148 non
472 2083 624 2159 aderant,
647 2102 707 2146 nec
727 2102 795 2164 quo
817 2081 1010 2164 loqueretur
1030 2079 1182 2146 habebat.

254 2193 360 2278 Signa
384 2202 497 2258 tamen
522 2190 703 2257 manifesta
727 2189 830 2269 dedit,
856 2199 1038 2274 notamque
1063 2190 1203 2275 parenti,

253 2302 311 2367 illo
329 2301 417 2368 forte
437 2302 510 2366 loco
529 2301 703 2386 delapsam
722 2299 756 2364 in
775 2299 913 2385 gurgite
930 2321 1037 2379 sacro,

253 2411 483 2495 Persephones
504 2432 625 2474 zonam
647 2408 788 2473 summis
808 2408 956 2474 ostendit
978 2409 1012 2473 in
1032 2409 1142 2475 undis,

1305 790 1343 833 455

1307 1332 1345 1375 46⁰

1306 1878 1345 1921 45

1306 2426 1345 2468 tto

297 2509 412 2605 Quam
431 2520 530 2584 simul
550 2518 701 2604 agnovit,
721 2527 896 2600 tamquam
915 2527 996 2582 tunc
1015 2518 1158 2602 denique
1179 2530 1309 2601 raptam

252 2630 378 2707 scisset,
405 2629 579 2693 inornatos
603 2626 743 2692 laniavit
767 2626 846 2691 diva
871 2626 1019 2711 capillos,

251 2749 283 2805 et
304 2738 448 2822 repetita
469 2736 538 2802 suis
559 2736 722 2821 percussit
742 2745 878 2820 pectora
899 2736 1029 2819 palmis

253 2846 369 2913 Nescit
389 2847 508 2923 adhuc,
530 2845 586 2910 ubi
609 2845 670 2909 sit:
691 2855 799 2909 terras
819 2853 932 2909 tamen
953 2845 1102 2930 increpat
1123 2868 1250 2924 omnes,

251 2956 469 3040 ingratasque
486 2963 585 3018 vocat
602 2974 662 3019 nec
681 2952 821 3037 frugum
839 2975 977 3020 munere
995 2955 1127 3039 dignas

251 3063 464 3128 Trinacriam
484 3072 562 3126 ante
583 3061 676 3140 alias,
698 3061 818 3147 inqua
838 3062 982 3147 vestigia
1002 3064 1115 3128 damni

252 3174 405 3257 repperit.
451 3174 547 3258 Ergo
566 3173 634 3239 illie
654 3195 755 3238 saeva
775 3173 946 3238 vertentia
965 3174 1102 3258 glaebas

253 3283 357 3369 fregit
380 3293 494 3348 aratra
517 3304 631 3360 manu,
655 3282 822 3367 parilique
846 3281 932 3347 irata
954 3283 1093 3348 colonos

252 3393 479 3476 ruricolasque
502 3391 605 3457 boves
629 3392 695 3456 leto
719 3391 822 3469 dedit,
847 3412 994 3476 arvaque
1017 3391 1114 3458 iussit

254 3503 370 3568 fallere
394 3500 594 3586 depositum,
621 3499 805 3583 vitiataque
830 3484 957 3565 semina
984 3500 1072 3566 fecit.

254 3611 425 3683 Fertilitas
447 3621 557 3676 terrae
579 3610 686 3675 latum
709 3609 849 3694 vulgata
871 3630 934 3693 per
956 3609 1072 3675 orbem

255 3721 340 3787 falsa
358 3720 461 3786 iacet:
479 3719 596 3805 primis
614 3728 747 3804 segetes
764 3717 957 3784 moriuntur
974 3718 1009 3783 in
1027 3720 1149 3798 herbiS,

253 3839 287 3896 et
310 3830 412 3896 modo
437 3828 487 3893 sol
511 3827 646 3905 nimius,
671 3825 797 3891 nimius
821 3827 924 3893 modo
949 3827 1087 3912 corripit
1113 3828 1228 3908 imber,

1306 2972 1369 3016 475·

1308 3518 1347 3562 tu)
