3042 4475
493 296 576 351 THE
604 296 965 353 METAMORPHOSES

183 475 229 540 sic
250 476 399 561 aquilam
421 498 532 562 penna
556 478 694 563 fugiunt
716 477 908 560 trepidante
928 477 1116 555 columbae,

182 585 293 651 hostes
314 607 466 670 quaeque
486 608 584 666 suos:
604 607 700 652 amor
719 597 770 652 cst
790 586 872 651 mihi
893 607 994 651 causa
1013 585 1185 671 sequendi.

183 695 242 760 Me
263 695 441 762 miserum!
488 696 541 762 Ne
563 717 670 780 prona
691 696 803 773 cadas,
827 696 1010 781 indignave
1033 697 1117 763 laedi

182 825 279 870 crura
301 816 418 872 notent
442 817 562 885 sentes,
585 817 618 872 et
640 806 704 873 sim
727 806 787 873 tibi
810 827 911 872 causa
934 807 1070 873 doloris.

182 912 323 997 Aspera,
343 935 409 999 qua
425 934 596 999 properas,
615 914 687 980 loca
706 924 794 981 sunt.
839 916 1062 995 Moderatius,
1080 937 1152 995 or0,
1237 932 1277 975 515

180 1042 287 1100 curre,
311 1023 499 1109 fugamque
518 1026 646 1103 inhibe;
667 1026 874 1092 moderatius
893 1026 1053 1111 insequar
1072 1026 1151 1110 ipse.

181 1131 243 1197 Cui
265 1135 408 1217 placeas,
431 1134 563 1219 inquire
581 1145 707 1201 tamen.
754 1136 834 1201 Non
854 1135 964 1202 incola
984 1136 1121 1213 montis,

180 1264 249 1307 non
268 1264 332 1328 ego
352 1266 428 1310 sum
445 1256 570 1329 pastor,
590 1267 659 1311 non
679 1246 733 1312 hic
752 1257 907 1312 armenta
926 1265 1117 1332 gregesque

179 1352 336 1419 horridus
357 1355 511 1420 observo
560 1341 690 1433 Nescis,
713 1356 905 1433 temeraria,
926 1355 1045 1432 nescis,

179 1483 281 1546 quem
301 1462 426 1547 fugias,
449 1463 591 1549 ideoque
611 1465 713 1551 fugis.
759 1465 847 1531 Mihi
868 1465 1032 1550 Delphica
1051 1465 1149 1530 tellus
1192 1537 1196 1545 ¹
1236 1479 1275 1522 515

178 1580 210 1635 et
233 1569 352 1636 Claros
373 1582 406 1637 et
427 1572 583 1638 Tenedos
606 1573 815 1658 Patareaque
835 1573 930 1659 regia
952 1574 1072 1651 servit;

180 1678 330 1763 Iuppiter
353 1691 403 1745 est
426 1681 578 1765 genit0r;
601 1703 660 1767 per
683 1704 739 1749 me
760 1682 852 1767 quod
875 1682 1004 1766 eritque
1029 1682 1161 1774 luitque

177 1798 294 1871 estque
315 1799 423 1873 patet3
446 1810 505 1874 per
526 1812 582 1856 me
602 1792 808 1857 concordant
829 1791 979 1857 carmina
1002 1791 1123 1856 nervis.

178 1895 279 1963 Certa
303 1898 439 1982 quidem
464 1909 579 1965 nostra
602 1910 662 1978 est,
687 1911 804 1966 nostra
826 1910 941 1966 tamen
964 1920 1031 1965 una
1055 1899 1180 1985 sagitta

178 2006 313 2085 certior,
331 2007 364 2072 in
380 2029 487 2074 vacuo
503 2030 588 2093 quae
601 2011 740 2075 vulnera
755 2020 889 2094 pectore
907 2008 996 2075 fecit.
1235 2024 1274 2067 555

178 2116 360 2182 Inventum
381 2117 549 2184 medicina
569 2138 685 2184 meum
706 2128 768 2198 est,
789 2117 965 2203 opiferque
985 2138 1045 2203 per
1063 2119 1180 2184 orbem

177 2227 281 2307 dicor,
304 2239 337 2295 et
359 2228 541 2300 herbarum
562 2229 710 2296 subiecta
732 2228 886 2315 potentia
907 2228 1023 2296 nobis:

176 2338 206 2402 ei
230 2337 324 2416 mihi,
347 2339 439 2423 quod
461 2338 562 2404 nullis
584 2359 682 2404 amor
704 2349 755 2405 est
778 2339 940 2405 sanabilis
962 2338 1087 2416 herbis,

176 2469 237 2513 nec
255 2458 397 2531 prosunt
416 2448 565 2527 domino,
585 2470 670 2533 quae
687 2459 830 2533 prosunt
847 2448 1014 2526 omnibus,
1033 2446 1162 2512 artesl'

225 2557 329 2622 Plura
346 2557 538 2623 locuturum
554 2557 674 2623 timido
695 2559 819 2623 Peneia
836 2578 935 2623 cursu

178 2665 279 2749 fugit,
302 2687 445 2751 cumque
467 2667 540 2750 ipso
563 2667 664 2732 verba
688 2667 885 2751 imperfecta
909 2667 1053 2752 reliquit,

135 2793 138 2798 ·
178 2786 210 2841 et
230 2775 312 2841 levis
333 2774 495 2860 impulsos
517 2786 607 2841 retro
624 2775 725 2841 dabat
742 2796 826 2842 aura
843 2776 991 2861 capillos,
1234 2792 1273 2834 ⁵2⁹

178 2894 342 2968 auctaque
361 2883 472 2950 forma
489 2884 573 2968 iuga
591 2894 650 2950 est.
695 2883 762 2950 Sed
781 2885 870 2951 enim
887 2907 954 2950 non
971 2885 1113 2951 sustinet
1129 2886 1217 2950 ultra
1234 2901 1272 2943 sao

175 2994 315 3078 perdere
335 2994 518 3060 blanditias
540 2994 671 3060 iuvenis
692 2994 785 3072 dena,
807 3005 909 3080 utque
930 2995 1089 3061 movebat

176 3103 247 3187 ipse
268 3124 375 3180 amor,
398 3103 547 3169 admisso
570 3103 720 3189 sequitur
742 3103 887 3188 vestigia
909 3124 1019 3189 passu.

175 3211 225 3278 Ut
246 3212 341 3278 canis
363 3211 397 3276 in
417 3234 524 3278 vacuo
546 3213 694 3297 leporem
715 3234 793 3279 cum
814 3212 962 3278 Gallicus
983 3234 1066 3279 arvo

175 3321 272 3399 vidit,
295 3321 404 3389 ethic
425 3323 587 3407 praedam
609 3322 750 3407 pedibus
773 3322 868 3407 petit,
892 3322 947 3387 ille
968 3323 1131 3388 salutem:

175 3433 260 3498 alter
278 3431 459 3498 inhaesuro
476 3431 595 3499 similis
612 3433 679 3499 iam
697 3433 831 3517 iamque
847 3444 961 3500 tenere
1233 3449 1272 3490 555

174 3551 296 3626 sperat,
319 3552 352 3606 ct
373 3551 510 3607 extento
530 3542 668 3626 stringit
688 3542 833 3626 vestigia
854 3552 982 3619 rostro;

172 3654 261 3717 alter
281 3650 315 3715 in
336 3651 498 3736 ambiguo
518 3661 578 3729 est,
598 3673 642 3716 an
662 3651 705 3720 sit
724 3673 956 3736 comprensus,
978 3662 1011 3717 et
1032 3651 1113 3735 ipsis

171 3760 344 3827 morsibus
368 3759 517 3844 eripitur,
542 3761 782 3845 tangentiaque
804 3781 865 3826 ora
889 3760 1065 3845 relinquit:

171 3872 220 3937 sic
242 3871 328 3935 deus
349 3878 382 3934 et
403 3868 512 3953 virgo,
534 3878 584 3934 est
605 3869 660 3934 hic
682 3890 739 3954 spe
760 3870 857 3948 celer,
880 3868 936 3934 illa
958 3869 1101 3935 timore..
