3042 4475
521 282 605 339 THE
632 282 992 341 METAMORPHOSES

256 462 434 530 Clauserat
455 464 668 549 Hippotades
689 477 829 532 aeterno
850 486 981 532 carcere
1002 476 1132 544 ventos

208 572 471 658 admonitorque
491 595 632 658 operum
652 575 745 642 caelo
766 575 973 642 clarissimus
992 576 1062 641 alto

207 680 348 747 Lucifer
367 692 464 747 ortus
486 693 567 749 erat.
617 683 741 749 Pennis
764 684 848 770 ligat
871 684 927 749 ille
947 683 1127 769 resumptis

208 800 305 874 parte
324 791 366 856 ab
386 782 529 876 utraque
550 793 661 877 pedes,
683 794 817 877 teloque
837 792 1025 878 accingitur
1046 813 1144 869 unc0‚

207 910 241 965 et
262 898 427 983 liquidum
446 901 548 968 motis
566 902 729 969 talaribus
748 905 830 968 aera
849 900 956 969 findit.

207 1006 373 1075 Gentibus
391 1010 578 1080 innumeris
595 1010 788 1097 circumque
805 1010 964 1097 infraque
982 1010 1108 1078 relictis

206 1117 415 1203 Aethiopum
436 1120 578 1205 populos
599 1120 804 1207 Cepheaque
821 1121 984 1205 conspicit
1004 1142 1096 1187 arva.

207 1222 281 1291 Illic
298 1228 490 1295 inmeritam
505 1240 682 1297 maternae
696 1230 844 1315 pendere
860 1229 997 1315 linguae

206 1333 457 1402 Andromedan
478 1359 608 1421 poenas
630 1338 775 1406 iniustus
796 1339 937 1404 iusserat
958 1339 1118 1408 Ammon.

252 1444 367 1530 Quam
385 1446 485 1512 simul
503 1447 546 1512 ad
563 1448 666 1513 duras
683 1448 861 1532 religatam
879 1446 1034 1513 bracchia
1052 1456 1168 1539 cautes

204 1562 292 1629 vidit
314 1562 525 1630 Abantiades
553 1563 637 1647 (nisi
659 1565 750 1649 quod
773 1564 857 1631 levis
879 1585 961 1629 aura
983 1562 1121 1648 capillos

204 1682 369 1750 moverat,
392 1683 425 1738 et
446 1673 562 1757 tepido
583 1673 766 1740 manabant
788 1673 915 1739 lumina
939 1672 1029 1750 fletu;

204 1798 435 1846 marmoreum
456 1791 550 1846 ratus
570 1792 657 1847 esse't
677 1781 797 1866 opus),
820 1781 924 1847 trahit
946 1781 1070 1846 inscius
1092 1780 1197 1865 ignes,

205 1898 238 1953 et
262 1897 383 1972 stupet,
406 1899 440 1953 et
462 1889 554 1955 visae
575 1901 749 1975 correptus
773 1889 923 1974 imagine
945 1889 1076 1955 formae

204 2017 312 2080 paene
329 2018 409 2062 suas
428 2008 568 2081 quatere
585 2008 635 2064 est
653 1999 778 2065 oblitus
797 1999 832 2063 in
851 2001 932 2065 aere
951 2020 1088 2085 pennas.

205 2105 256 2170 Ut
279 2106 381 2184 stetit,
406 2105 484 2173 ‘O'
508 2106 597 2172 dixit
620 2106 711 2173 ‘non
734 2107 808 2173 istis
832 2108 936 2191 digna
958 2107 1093 2185 catenis,

205 2213 263 2280 sed
283 2214 405 2298 quibus
425 2214 516 2282 inter
536 2238 572 2283 se
592 2217 704 2302 cupidi
725 2217 914 2303 iunguntur
934 2228 1100 2296 amantes

203 2326 315 2406 pande
333 2325 517 2409 requirenti
538 2348 661 2392 nomen
680 2337 859 2412 terraeque
880 2340 1053 2412 tuumque,

203 2444 235 2499 et
256 2454 317 2499 cur
336 2433 448 2500 vincla
468 2434 589 2520 geras’
636 2435 752 2501 Primo
774 2436 848 2502 silet
868 2436 935 2514 illa,
957 2457 1018 2502 nec
1038 2437 1143 2503 audet

202 2543 373 2628 appellare
397 2544 510 2610 virum
534 2544 651 2630 virgo;
673 2545 899 2631 manibusque
919 2547 1091 2612 modestos

202 2654 342 2719 celasset
364 2652 490 2731 vultus,
513 2653 540 2719 si
562 2676 632 2720 non
654 2655 800 2740 religata
824 2654 961 2722 fuisset}

202 2763 343 2841 lumina,
365 2764 457 2847 quod
478 2763 598 2848 potuit,
620 2763 768 2830 lacrimis
789 2764 939 2849 implevit
960 2765 1097 2831 obortis.

204 2869 347 2954 Saepius
365 2871 518 2951 instanti,
538 2893 598 2937 sua
617 2893 658 2938 ne
676 2873 798 2949 delicta
817 2873 915 2939 fateri

201 2981 291 3046 nolle
313 2981 495 3060 videretur,
516 3002 640 3047 nomen
659 2992 836 3066 terraeque
858 3003 1032 3067 suumque,

200 3100 398 3174 quantaque
416 3100 593 3157 maternae
611 3089 714 3157 luerit
731 3090 854 3157 fiducia
875 3091 1015 3170 formae,

201 3199 340 3264 indicat.
384 3200 429 3266 Et
446 3198 600 3265 nondum
616 3200 816 3266 memoratis
833 3201 990 3266 omnibus
1008 3201 1098 3266 unda

202 3308 365 3387 insonuit,
385 3303 597 3393 veniensque¹
613 3309 767 3376 inmenso
786 3309 885 3375 belua
905 3320 1010 3394 ponto

201 3417 354 3495 inminet,
379 3427 412 3482 et
436 3418 542 3484 latum
568 3418 629 3484 sub
653 3428 788 3502 pectore
812 3417 961 3502 possidet
985 3439 1119 3502 aequor.

184 3503 212 3598 s
248 3526 449 3595 Conclamat
472 3528 590 3615 virgo:
613 3529 749 3615 genitor
772 3528 925 3613 lugubris
948 3540 980 3595 et
1003 3550 1070 3594 una

199 3646 309 3703 mater
328 3637 434 3716 adest,
456 3638 555 3704 ambo
574 3638 702 3717 miseri,
723 3639 781 3704 sed
802 3638 924 3705 iustius
944 3638 1009 3703 illa.

201 3745 276 3812 Nec
295 3767 410 3812 secum
428 3746 606 3826 auxilium,
627 3749 685 3814 sed
704 3748 829 3832 dignos
848 3759 1001 3832 tempore
1021 3747 1118 3813 fletus

200 3856 467 3940 plangoremque
491 3855 615 3933 ierunt,
638 3857 818 3940 vinctoque
840 3856 874 3921 in
896 3877 1037 3940 corpore
1058 3856 1251 3934 adhaerent,
