3042 4475
513 254 596 307 THE
623 254 983 309 METAMORPHOSES

203 431 363 515 praemia,
380 453 467 517 quae
482 434 648 518 promissa
663 434 745 499 mihi
763 434 935 519 dignoque
950 435 1073 520 nepoti,
1256 448 1295 491 81⁰

202 540 333 606 solvere
355 550 388 606 et
410 541 559 607 ablatum
581 542 680 610 terris
703 543 875 627 imponere
895 545 997 610 caelo.

202 648 257 714 Tu
276 649 358 714 mihi
380 651 522 716 concilio
542 651 712 735 quondam
733 663 909 736 praesente
929 654 1069 719 deorum

206 757 305 841 (nam
326 779 479 825 memoro
499 759 707 844 memorique
726 760 842 826 animo
863 760 918 845 pia
939 761 1041 827 verba
1062 758 1197 845 notavi)

203 866 221 893 “
236 890 322 933 unus
341 868 416 946 erit,
436 890 535 952 quem
554 878 591 935 tu
609 868 705 935 tolles
725 869 759 934 in
779 870 912 937 caerula
931 869 1013 935 caeli
1029 868 1047 894 ”

202 976 338 1042 dixisti:
359 987 433 1043 rata
452 977 496 1043 sit
514 977 693 1044 verborum
714 999 846 1044 summa
866 977 1024 1044 tuorum’

246 1085 378 1153 Adnuit
399 1086 612 1171 omnipotens
635 1097 669 1153 et
689 1087 834 1153 nubibus
857 1088 936 1153 aira
958 1086 1065 1153 caecis

199 1195 345 1260 occuluit
367 1195 561 1280 tonitruque
581 1206 614 1262 et
636 1194 773 1281 fulgure
793 1196 913 1263 terruit
934 1196 1067 1263 orbem:

199 1326 285 1388 quae
308 1304 370 1370 sibi
394 1304 580 1390 promissae
602 1305 705 1371 sensit
729 1315 803 1370 rata
827 1304 926 1391 signa
949 1304 1088 1389 rapinae

200 1413 404 1498 innixusque
425 1413 544 1480 hastae
565 1435 698 1499 pressos
721 1425 856 1480 temone
877 1423 1018 1479 cruento

201 1522 392 1607 impavidus
410 1522 603 1588 conscendit
620 1544 724 1607 equos
742 1522 913 1589 Gradivus
929 1533 961 1588 et
980 1522 1046 1587 ictu

199 1631 347 1697 verberis
367 1631 541 1715 increpuit,
562 1653 754 1716 pronusque
773 1653 832 1717 per
851 1633 932 1697 aera
952 1632 1065 1715 lapsus

198 1740 350 1806 constitit
370 1740 404 1805 in
425 1761 559 1806 summo
578 1741 746 1806 nemorosi
768 1741 852 1806 colle
872 1740 982 1805 Palati

199 1850 463 1934 reddentemque
485 1870 546 1915 suo
569 1850 636 1915 iam
658 1850 752 1935 regia
775 1849 848 1915 iura
871 1848 998 1934 Quiriti

198 1958 336 2025 abstulit
356 1959 496 2025 Iliaden.
541 1957 673 2042 Corpus
691 1958 833 2023 mortale
852 1980 911 2043 per
929 1978 1030 2024 auras

200 2068 369 2152 dilapsum
384 2078 520 2133 tenues:
538 2067 585 2133 sic
601 2068 669 2132 lata
685 2067 840 2151 plumbea
858 2066 965 2132 funda

198 2176 301 2243 missa
324 2177 407 2244 solet
430 2176 541 2243 medio
563 2176 661 2262 glans
684 2176 890 2243 intabescere
910 2176 1012 2242 cael0.

200 2287 346 2352 Pulchra
366 2287 455 2352 subit
476 2286 580 2352 iacies
600 2298 632 2353 et
652 2286 884 2371 pulvinaribus
904 2285 981 2351 altis

198 2397 345 2482 dignior,
368 2407 418 2462 est
440 2396 549 2480 qualis
570 2395 715 2461 trabeati
739 2395 850 2461 forma
873 2395 1019 2480 Quirini.

245 2506 362 2571 Flebat
384 2516 421 2572 ut
441 2505 604 2570 amissum
625 2505 785 2582 coniunx,
808 2525 884 2570 cum
907 2504 1000 2589 regia
1023 2503 1109 2569 luno

201 2615 270 2679 irin
293 2614 336 2680 ad
361 2614 546 2680 Hersiliam
570 2614 769 2679 descendere
793 2612 898 2678 limite
921 2633 1025 2678 curvo

199 2723 340 2808 imperat
359 2732 391 2788 et
411 2722 535 2788 viduae
553 2744 615 2788 sua
635 2721 682 2788 sic
700 2722 861 2787 mandata
881 2719 1025 2786 referre:

244 2831 301 2898 ‘0
324 2842 356 2897 et
380 2832 422 2898 de
446 2830 557 2910 Latia,
581 2841 657 2897 oet
680 2830 721 2896 de
742 2840 844 2916 gente
867 2829 993 2896 Sabina

198 2941 425 3026 praecipuum,
446 2950 613 3019 matrona,
633 2940 744 3017 decus,
766 2938 966 3030 dignissima
984 2937 1069 3004 tanti

156 3119 160 3127 ,
199 3060 276 3117 ante
298 3050 404 3117 luisse
424 3049 500 3128 viri,
522 3049 671 3115 coniunx
692 3071 782 3115 nunc
803 3070 874 3114 esse
895 3048 1042 3134 Quirini,

202 3159 280 3224 siste
296 3169 373 3224 tuos
392 3158 490 3224 fletus
507 3170 550 3238 et,
569 3159 596 3224 si
615 3158 675 3223 tibi
695 3179 776 3223 cura
793 3157 928 3223 videndi

199 3267 353 3352 coniugis
370 3278 431 3345 est,
449 3269 534 3333 duce
549 3289 604 3333 me
621 3267 733 3333 lucum
751 3276 836 3351 pete,
854 3266 939 3332 colle
957 3265 1092 3350 Quirini

200 3377 254 3460 qui
274 3377 360 3442 viret
379 3388 411 3443 et
430 3378 592 3461 templum
612 3376 758 3441 Romani
779 3375 868 3461 regis
887 3374 1087 3441 obumbrat'

152 3538 156 3545 .
246 3486 347 3552 Paret
364 3496 397 3552 et
415 3485 450 3550 in
468 3498 593 3553 terram
611 3485 718 3571 pictos
736 3484 872 3569 delapsa
891 3505 950 3569 per
968 3505 1066 3550 arcus

201 3595 386 3661 Hersiliam
409 3595 509 3661 iussis
532 3594 709 3678 compellat
732 3593 870 3660 vocibus
894 3592 967 3657 Iris.

203 3705 264 3771 llla
281 3704 471 3771 verecundo
492 3703 551 3769 vix
569 3703 690 3769 tollens
709 3702 837 3767 lumina
856 3702 950 3767 vultu
1254 3717 1291 3760 su

202 3813 265 3890 Ὀ,
282 3814 355 3891 dea,
373 3833 517 3896 namque
532 3811 614 3878 mihi
632 3832 701 3887 nec,
719 3831 804 3894 quae
820 3810 876 3886 siS,
894 3810 1003 3875 dicere
1019 3820 1213 3895 promptum
1229 3821 1288 3888 est,

380 3908 410 3957 11
