3042 4475
257 252 297 336 38
546 251 792 312 SELECTIONS
820 255 931 312 FROM
958 255 1059 313 OVID

258 434 353 499 Illius
376 434 522 519 impulsu
543 457 620 501 cum
641 436 792 503 turribus
811 437 917 503 ardua
939 436 1036 502 celsis

256 543 393 610 moenia
411 556 504 611 mota
526 544 656 613 forent:
676 566 814 631 serpens
832 546 905 612 sine
923 547 1062 612 vulnere
1078 546 1214 625 mansit,

258 652 446 738 loricaeque
464 654 567 719 modo
586 655 735 737 squamis
755 655 915 721 defensus
936 666 970 721 et
989 665 1083 721 atrae

258 761 382 827 duritia
405 762 511 846 pellis,
536 762 666 827 validos
689 773 766 829 cute
788 762 932 847 reppulit
955 762 1049 829 ictus

256 869 393 939 Arnon
414 870 540 936 duritia
561 870 707 937 iaculum
729 893 863 957 quoque
886 871 966 938 vicit
986 873 1123 939 eadem:

256 979 347 1063 quod
369 979 480 1045 medio
503 980 614 1046 lentae
636 982 754 1065 spinae
775 982 971 1049 curvamine
991 982 1098 1049 fixum

256 1088 418 1167 constitit,
439 1100 473 1155 et
492 1100 602 1155 totum
620 1090 796 1157 descendit
815 1091 850 1155 in
871 1091 928 1157 ilia
949 1091 1087 1157 ferrum.

258 1198 319 1263 Ille
342 1197 459 1263 dolore
483 1198 583 1264 ferox
606 1210 706 1283 caput
730 1200 765 1263 in
790 1221 850 1266 sua
874 1211 970 1286 terga
995 1202 1140 1279 retorsit,

256 1306 460 1390 vulneraque
484 1307 650 1391 adspexit,
674 1308 847 1393 fixumque
871 1310 990 1375 hastile
1014 1309 1209 1388 momordit,

255 1413 366 1498 idque,
384 1416 441 1481 ubi
458 1416 491 1481 vi
510 1418 616 1483 multa
632 1428 765 1503 partem
782 1419 938 1485 labefecit
955 1420 989 1485 in
1005 1440 1151 1497 omnem,

256 1523 316 1587 vix
335 1533 436 1609 tergo
454 1524 593 1610 eripuit;
614 1525 744 1593 ferrum
763 1539 875 1593 tamen
896 1528 1027 1594 ossibus
1047 1527 1167 1594 haesit.

302 1632 393 1700 Tum
409 1655 500 1713 vero,
518 1645 697 1720 postquam
714 1637 831 1702 solitas
848 1637 987 1704 accessit
1004 1638 1048 1703 ad
1066 1637 1134 1702 iras

256 1764 358 1809 causa
375 1765 500 1823 recens,
518 1744 625 1829 plenis
640 1754 837 1812 tumuerunt
853 1756 993 1832 guttura
1009 1746 1116 1825 veniS,

256 1874 442 1938 spumaque
462 1854 642 1939 pestiferos
661 1855 863 1922 circumfluit
882 1856 993 1922 albida
1013 1855 1127 1934 rictus,

255 1973 415 2047 terraque
435 1984 511 2029 rasa
532 1974 629 2029 sonat
650 1964 810 2048 squamis
830 1964 955 2049 quique
974 1964 1099 2031 halitus
1119 1963 1191 2032 exit

256 2094 316 2139 ore
334 2072 435 2158 niger
454 2072 587 2158 Stygio,
606 2072 743 2139 vitiatas
762 2072 867 2139 inficit
886 2095 995 2140 auras.

257 2182 333 2267 Ipse
352 2181 455 2250 modo
477 2183 671 2250 inmensum
692 2183 790 2269 spiris
812 2182 1013 2251 facientibus
1032 2184 1148 2251 orbem

256 2293 416 2376 cingitur,
437 2292 607 2359 interdum
627 2294 729 2378 longa
747 2293 843 2360 trabe
863 2293 985 2358 rectior
1004 2294 1126 2371 adstat,

257 2402 381 2486 impete
399 2424 489 2469 nunc
508 2413 606 2468 vasto
627 2423 687 2469 ceu
707 2403 860 2468 concitus
881 2402 1042 2469 imbribus
1061 2402 1171 2468 amnis

258 2511 376 2590 fertur,
401 2522 434 2578 et
456 2511 627 2577 obstantes
650 2510 827 2595 proturbat
850 2521 982 2594 pectore
1006 2511 1116 2576 silvas

258 2619 356 2686 Cedit
380 2619 595 2704 Agenorides
619 2619 767 2704 paulum,
793 2619 966 2702 spolioque
991 2619 1096 2685 leonis

257 2728 399 2794 sustinet
423 2728 588 2806 incursus,
614 2727 841 2812 instantiaque
863 2748 924 2792 ora
948 2728 1095 2794 retardat

257 2836 395 2920 cuspide
417 2847 600 2922 praetenta.
651 2836 748 2901 Furit
774 2836 837 2913 ille,
863 2846 896 2901 et
920 2835 1032 2902 inania
1056 2837 1142 2916 duro

258 2946 397 3010 vulnera
418 2946 476 3011 dat
500 2944 602 3023 ferr0,
625 2944 766 3028 figitque
788 2943 823 3009 in
844 2944 997 3010 acumine
1019 2945 1145 3011 dentes.

258 3053 398 3138 Iamque
418 3053 619 3120 venenifero
641 3053 782 3138 sanguis
802 3073 942 3118 manare
964 3054 1077 3138 palato

257 3173 421 3246 coeperat,
447 3173 480 3228 et
504 3162 629 3227 virides
653 3162 856 3246 adspergine
878 3162 1026 3228 tinxerat
1049 3163 1187 3229 herbas:

259 3271 317 3336 sed
342 3271 414 3337 leve
437 3271 559 3336 vulnus
583 3281 665 3347 erat,
690 3270 769 3354 quia
794 3291 828 3335 se
852 3270 1041 3336 retrahebat
1065 3271 1108 3336 ab
1132 3271 1210 3351 ictu,

258 3379 413 3462 laesaque
435 3380 520 3444 colla
543 3378 645 3445 dabat
668 3388 769 3456 retr0,
794 3380 995 3463 plagamque
1018 3379 1133 3446 sedere

258 3487 406 3552 cedendo
429 3487 572 3565 arcebat,
597 3507 657 3552 nec
681 3486 817 3571 longius
841 3486 891 3553 ire
913 3486 1051 3566 sinebat,

258 3594 364 3661 donec
380 3596 599 3680 Agenorides
616 3595 805 3661 coniectum
822 3595 855 3659 in
871 3605 1010 3680 guttura
1028 3596 1157 3663 ferrum

258 3724 363 3788 usque
380 3725 520 3789 sequens
538 3704 671 3788 pressit,
689 3703 771 3768 dum
790 3713 882 3768 retro
899 3725 1041 3788 quercus
1060 3705 1153 3771 eunti

258 3812 399 3891 obstitit,
418 3823 451 3878 et
469 3811 538 3877 fixa
557 3822 609 3877 est
626 3813 752 3897 pariter
769 3832 846 3878 cum
865 3813 986 3879 robore
1004 3813 1129 3879 cervix.
