3042 4475
451 238 455 242 ’
517 255 602 309 ran
628 254 988 311 neranoxrnosss

206 434 271 514 ille,
295 434 400 519 ‘quid
423 457 443 501 a
466 436 563 503 nobis
585 437 708 502 vulnus
730 436 866 502 miraris
888 436 1047 503 abesse?’

213 544 419 625 (mirabatur
440 546 548 628 enim)
577 545 679 611 ‘Non
702 545 793 625 haec,
815 567 916 629 quam
939 545 1057 623 cernis,
1080 544 1210 628 equinis

207 652 302 718 fulva
322 653 411 719 iubis
431 655 535 719 cassis
554 676 663 738 neque
680 676 768 721 onus
788 676 872 721 cava
893 675 1012 738 parma
1032 654 1188 720 sinistrae

209 763 338 827 auxilio
357 763 441 828 mihi
460 774 556 828 sunt:
576 764 675 828 decor
695 773 746 829 est
765 762 936 847 quaesitus
956 763 999 828 ab
1017 761 1100 827 istis.
1274 775 1300 818 ⁹⁰

206 872 303 937 Mars
328 893 463 956 quoque
488 873 531 938 ob
556 872 620 938 hoc
645 892 764 958 capere
788 892 883 937 arma
911 871 1006 937 solet.
1057 869 1298 937 Removebitur

297 981 398 1046 huius

204 1091 365 1175 tegminis
386 1090 545 1168 officium,
568 1101 681 1157 tamen
704 1091 919 1157 indestrictus
941 1091 1050 1159 abibo

205 1199 269 1265 Est
290 1200 418 1284 aliquid
438 1222 506 1266 non
528 1222 602 1267 esse
621 1212 733 1267 saturn
755 1200 912 1279 Nereide,
934 1201 992 1267 sed
1013 1200 1070 1285 qui

205 1308 384 1393 Nereaque
403 1320 435 1376 et
455 1320 554 1375 natas
574 1320 607 1376 et
626 1320 737 1376 totum
757 1320 922 1393 temperat
943 1308 1093 1394 aequor!

253 1418 352 1483 Dixit
369 1429 402 1483 et
420 1420 601 1484 haesurum
618 1419 715 1503 clipei
733 1418 928 1485 curvamine
945 1419 1050 1484 telum
1274 1432 1300 1475 ⁹⁶

204 1526 298 1591 misit
320 1527 354 1591 in
374 1527 557 1606 Aeaciden,
579 1529 669 1612 quod
691 1538 724 1594 et
745 1549 803 1593 aes
823 1539 855 1595 et
875 1527 1031 1611 proxima
1053 1526 1143 1611 rupit

203 1645 301 1720 terga
321 1658 454 1701 novena
475 1638 588 1716 boum,
610 1638 744 1706 decimo
764 1650 878 1706 tamen
898 1640 978 1705 orbe
999 1650 1170 1706 moratum
1191 1648 1250 1703 est.

204 1744 346 1811 Excutit
368 1746 432 1811 hoc
454 1746 553 1811 heros
576 1767 759 1832 rursusque
782 1748 960 1814 trementia
985 1746 1065 1813 forti

203 1854 270 1919 tela
292 1875 395 1919 manu
417 1855 534 1921 torsit:
558 1877 674 1922 rursus
695 1856 768 1923 sine
790 1858 927 1923 vulnere
949 1878 1069 1941 corpus

207 1962 441 2047 sincerumque
461 1963 536 2030 luit.
580 1965 613 2030 N
617 1986 653 2030 ec
671 1966 771 2031 tertia
790 1966 901 2049 cuspis
921 1976 1074 2049 apertum
1262 1979 1299 2021 10⁰

203 2082 236 2138 et
256 2092 292 2136 se
312 2073 530 2156 praebentem
551 2075 658 2141 valuit
679 2074 888 2159 destringere
909 2074 1070 2160 Cycnum.

204 2181 310 2248 Haud
330 2203 426 2255 secus
445 2183 583 2262 exarsit,
603 2205 706 2268 quam
725 2184 815 2251 circo
834 2194 952 2251 taurus
971 2194 1098 2269 aperte,

202 2312 280 2357 cum
302 2313 362 2358 sua
383 2293 523 2358 terribili
544 2294 627 2377 petit
648 2293 844 2360 inritamina
864 2317 979 2374 cornu,

202 2401 362 2485 puniceas
385 2412 505 2481 vestes,
528 2403 688 2487 elusaque
709 2404 849 2469 vulnera
872 2405 982 2470 sentit.

205 2511 300 2575 Num
318 2522 432 2577 tamen
451 2511 615 2576 exciderit
635 2512 775 2592 ferrum,
796 2514 996 2592 considerat,
1016 2514 1150 2580 hastae:

202 2621 362 2687 haerebat
382 2620 485 2706 ligno
531 2620 681 2687 ‘Manus
701 2634 751 2689 est
771 2643 846 2689 mea
867 2623 984 2689 debilis
1004 2644 1097 2708 erge,

201 2729 375 2814 quasque'
394 2730 442 2796 ait
462 2729 561 2796 ‘ante
579 2730 697 2796 habuit
715 2731 815 2809 vires
834 2731 956 2797 effudit
974 2731 1007 2795 in
1027 2730 1118 2796 uno?

203 2840 295 2905 Nam
315 2850 405 2906 certe
423 2840 526 2918 valui,
546 2841 599 2906 vel
618 2862 696 2906 cum
715 2841 880 2927 Lyrnesia
899 2841 1027 2925 primus

200 2949 337 3015 moenia
359 2949 478 3027 deieci,
500 2950 552 3015 vel
573 2970 651 3015 cum
673 2949 901 3034 Tenedonque
923 2971 1051 3034 suoque

205 3058 388 3124 Eetioneas
405 3058 540 3142 implevi
559 3059 724 3144 sanguine
740 3059 886 3138 Thebas,

200 3167 254 3232 vel
276 3188 354 3232 cum
375 3188 564 3252 purpureus
584 3167 738 3252 populari
760 3169 861 3234 caede
882 3167 1004 3234 Caicus

201 3276 303 3342 fluxit
323 3297 474 3361 opusque
494 3298 588 3344 meae
607 3277 658 3343 bis
678 3277 783 3342 sensit
802 3277 970 3361 Telephus
990 3278 1116 3344 hastae.

202 3386 272 3451 Hic
292 3407 426 3470 quoque
447 3395 498 3452 tot
517 3386 636 3464 caesis,
657 3407 802 3471 quorum
823 3406 881 3470 per
902 3387 980 3452 litus
1000 3407 1139 3452 acervos

201 3506 234 3563 et
256 3495 320 3562 feci
342 3506 375 3562 et
395 3496 505 3574 vide0‚
528 3497 633 3563 valuit
654 3519 729 3563 mea
751 3498 871 3563 dextra
892 3495 1068 3581 valetque!

250 3605 350 3670 Dixit
369 3615 412 3682 et,
430 3615 508 3670 ante
524 3605 608 3671 actis
624 3606 727 3671 veluti
744 3606 831 3671 male
849 3606 1008 3683 crederet,
1027 3605 1160 3671 hastam

201 3713 294 3780 misit
315 3713 349 3778 in
369 3714 550 3779 adversum
570 3714 674 3798 Lycia
694 3716 735 3780 de
754 3715 850 3798 plebe
871 3715 1053 3780 Menoeten

202 3823 409 3907 loricamque
431 3823 531 3888 simul
553 3824 767 3907 subiectaque
786 3833 922 3907 pectora
944 3822 1043 3907 rupit.
