3042 4475
259 270 319 331 140
546 253 790 311 sacscnous
819 253 929 309 mou
958 253 1057 309 ovm

302 446 414 502 cetera
433 436 590 522 virgultis
608 437 722 503 abdita
741 436 841 503 turba
859 435 951 501 latet.

260 545 346 611 Ecce
366 547 457 612 velut
476 556 608 611 torrens
628 545 728 611 undis
746 544 949 630 pluvialibus
969 554 1086 609 auctus

302 664 361 718 aut
382 653 468 732 nive,
490 675 576 739 quae
596 654 751 739 Zephyro
773 653 861 718 victa
883 661 1014 737 tepente
1036 652 1119 731 fluit,

255 782 314 845 per
333 772 406 827 sata
424 783 550 847 perque
568 762 640 828 vias
661 762 779 840 fertur,
799 783 871 839 nec,
892 773 929 828 ut
948 771 1027 826 ante
1047 762 1187 839 solebat,

302 871 451 955 riparum
469 872 601 937 clausas
619 870 775 956 margine
793 869 866 936 linit
884 890 1009 955 aquas:
1319 884 1344 927 3⁰

256 980 303 1045 sic
327 980 422 1047 Fabii
446 981 569 1046 vallem
592 980 668 1045 latis
691 978 897 1045 discursibus
921 980 1070 1062 implent,

300 1089 459 1174 quodque
479 1089 604 1168 vident,
625 1099 799 1155 sternunt:
819 1109 881 1154 nec
898 1099 1010 1155 metus
1029 1090 1113 1154 alter
1134 1087 1228 1153 inest.

256 1199 335 1283 Quo
359 1198 467 1277 ruitis,
491 1219 656 1283 generosa
679 1198 824 1263 domus?
872 1198 964 1264 Male
987 1197 1122 1264 creditis
1147 1197 1253 1263 hosti!

305 1305 457 1390 Simplex
473 1306 641 1384 nobilitas,
660 1305 788 1390 perfida
804 1307 870 1372 tela
889 1307 986 1372 cave!

258 1413 391 1481 Fraude
408 1414 495 1499 perit
513 1415 629 1481 virtus
673 1414 714 1479 In
733 1426 869 1499 apertos
885 1415 1035 1499 undique
1054 1436 1191 1499 campos

300 1524 479 1607 prosiliunt
495 1524 608 1590 hostes
625 1536 658 1591 et
675 1525 763 1589 latus
779 1546 879 1590 omne
895 1534 1022 1590 tenent.

257 1633 350 1719 Quid
371 1633 498 1698 faciant
516 1634 613 1717 pauci
633 1644 750 1699 contra
771 1644 821 1699 tot
840 1634 932 1699 milia
954 1634 1082 1699 fortes?

302 1741 447 1827 Quidve,
466 1743 557 1827 quod
573 1742 608 1807 in
624 1742 748 1808 misero
764 1753 913 1827 tempore
930 1753 1042 1820 restet,
1060 1742 1178 1807 adest?

257 1848 352 1914 Sicut
371 1871 451 1933 aper
471 1851 572 1936 longe
592 1851 695 1927 fulvis
714 1852 914 1918 latrantibus
933 1862 1028 1916 actus

303 1958 468 2025 fulmineo
488 1961 616 2025 celeres
637 1960 778 2044 dissipat
798 1982 856 2025 ore
876 1981 986 2038 caneS,

256 2090 338 2133 mox
359 2078 472 2134 tamen
495 2069 566 2153 ipse
587 2070 693 2153 perit:
717 2070 765 2135 sic
785 2091 854 2134 non
876 2070 1067 2135 moriuntur
1089 2068 1186 2133 inulti

303 2179 507 2263 vulneraque
526 2178 655 2245 alterna
674 2178 822 2262 dantque
842 2179 1020 2262 feruntque
1037 2199 1148 2245 manu.

258 2285 338 2352 Una
356 2286 426 2352 dies
445 2287 568 2353 Fabios
584 2289 627 2354 ad
643 2288 766 2353 bellum
783 2287 920 2353 miserat
936 2309 1070 2352 omnes:

301 2395 346 2460 ad
363 2395 489 2461 bellum
506 2396 627 2462 missos
644 2396 791 2481 perdidit
807 2418 874 2462 una
892 2396 974 2462 dies

258 2503 308 2570 Ut
323 2514 435 2569 tamen
456 2504 642 2571 Herculeae
660 2515 870 2591 superessent
886 2506 1013 2570 semina
1030 2505 1151 2590 gentis,

302 2612 460 2679 credibile
482 2623 531 2681 est
553 2613 643 2698 ipsos
665 2613 873 2680 consuluisse
894 2615 986 2679 deos.

259 2721 350 2787 Nam
365 2743 447 2805 puer
464 2722 615 2807 impubes
629 2734 662 2788 et
678 2724 788 2789 adhuc
803 2745 871 2788 non
888 2723 981 2788 utilis
997 2723 1100 2788 armis

302 2850 391 2896 unus
409 2831 450 2897 de
470 2830 575 2897 Fabia
594 2842 694 2917 gente
712 2831 847 2898 relictus
865 2841 955 2898 erat:

257 2939 382 3006 scilicet
398 2950 435 3005 ut
451 2962 565 3024 posses
581 2941 663 3006 olim
679 2952 727 3020 tu,
746 2941 913 3018 Maxime,
930 2939 1033 3018 nasci,

303 3046 355 3113 cui
377 3069 429 3113 res
448 3050 639 3115 cunctando
660 3048 869 3114 restituenda
891 3049 987 3113 foret.

684 3341 917 3408 MINERVA

653 3523 746 3592 (Fast.
760 3521 796 3583 iii,
810 3521 945 3588 809-848)

330 3691 423 3776 [The
441 3691 575 3756 festival
593 3690 631 3756 of
649 3690 818 3768 Minerva,
835 3689 960 3755 known
978 3711 1015 3754 as
1033 3690 1090 3755 the
1109 3688 1344 3774 Quinquatrus,

258 3798 367 3886 began
384 3821 427 3865 on
445 3799 502 3868 the
517 3799 713 3867 nineteenth
730 3797 770 3867 ol
787 3798 907 3866 March
925 3798 993 3866 and
1010 3797 1192 3867 continued
1211 3798 1266 3866 for
1282 3797 1345 3864 five
