3042 4475
527 278 611 332 THE
638 278 998 333 METAMORPHOSES

262 456 420 522 Creditus
442 459 568 543 accepit
587 468 739 525 cantatas
758 460 912 545 protinus
932 458 1061 537 herbas

214 565 418 649 edidicitque
439 587 550 646 usum,
572 567 746 652 laetusque
770 568 804 633 in
826 577 913 633 tecta
935 567 1079 633 recessit.

262 675 403 741 Postera
423 675 597 761 depulerat
616 678 729 743 stellas
749 698 874 743 aurora
893 676 1073 744 micantes:

213 784 417 850 conveniunt
437 785 551 870 populi
575 807 707 852 sacrum
730 786 900 853 Mavortis
922 786 956 852 in
977 807 1107 865 arvum,

213 893 469 979 consistuntque
487 894 587 980 iugis.
632 894 750 962 Medio
770 916 832 961 rex
851 895 921 981 ipse
940 894 1063 961 resedit

212 1003 360 1087 agmine,
382 1025 570 1089 purpureus
592 1016 790 1089 sceptroque
812 1004 955 1090 insignis
977 1004 1113 1070 eburno

215 1110 303 1177 Ecce
319 1112 528 1179 adamanteis
546 1113 739 1180 Vulcanum
757 1113 895 1179 naribus
914 1112 1026 1179 efflant

212 1220 385 1304 aeripedes
405 1222 504 1300 tauri,
526 1233 700 1308 tactaeque
720 1223 903 1310 vaporibus
923 1222 1046 1288 herbae

212 1330 351 1408 ardent;
374 1340 477 1415 utque
499 1332 607 1399 solent
628 1332 718 1418 pleni
741 1354 900 1399 resonare
923 1330 1057 1410 camini,

211 1450 272 1505 aut
294 1439 349 1505 ubi
372 1450 505 1505 terrena
527 1440 637 1507 silices
659 1440 798 1509 fornace
820 1441 920 1508 soluti

212 1548 407 1633 concipiunt
429 1548 543 1635 ignem
566 1549 771 1634 liquidarum
793 1550 995 1636 adspergine
1015 1570 1193 1635 aquarum,

211 1668 349 1743 pectora
368 1658 417 1725 sic
436 1658 527 1725 intus
545 1659 678 1726 clausas
696 1658 868 1726 volventia
889 1659 1042 1727 flammas

212 1778 418 1853 gutturaque
440 1778 516 1834 usta
538 1779 669 1835 sonant.
716 1768 847 1833 Tamen
870 1767 936 1833 illis
957 1767 1091 1835 Aesone
1112 1776 1214 1833 natus
1268 1780 1307 1823 11⁰

213 1876 335 1943 obvius
354 1875 389 1942 it.
433 1876 576 1943 Vertere
593 1886 704 1943 truces
723 1876 889 1942 venientis
906 1876 950 1942 ad
965 1897 1026 1942 ora

212 1985 378 2051 terribiles
402 1986 516 2052 vultus
538 1985 755 2071 praefixaque
778 2008 904 2053 cornua
930 1982 1032 2064 lerro,

213 2095 474 2180 pulvereumque
495 2096 604 2161 solum
625 2096 708 2180 pede
730 2095 906 2180 pulsavere
926 2094 1063 2172 bisulc0,

215 2201 441 2289 fumificisque
461 2203 572 2271 locum
593 2203 781 2290 mugitibus
803 2203 1034 2289 impleverunt.

213 2314 404 2400 Deriguere
422 2324 516 2380 metu
538 2314 697 2400 Minyae:
717 2312 807 2380 subit
828 2313 892 2393 ille,
913 2334 975 2380 nec
994 2313 1090 2398 ignes

213 2423 315 2489 sentit
336 2423 510 2489 anhelatos
535 2423 688 2506 (tanturn
709 2422 933 2489 medicamina
954 2422 1131 2507 possunt),

212 2533 426 2618 pendulaque
446 2531 567 2598 audaci
589 2532 713 2598 mulcet
735 2531 883 2616 palearia
905 2532 1035 2609 dextra,

216 2640 475 2727 suppositosque
497 2641 579 2726 iugo
602 2641 736 2726 pondus
759 2661 865 2725 grave
886 2640 978 2724 cogit
1000 2639 1104 2704 aratri

213 2751 344 2828 ducere,
366 2759 399 2816 et
423 2749 591 2816 insuetum
613 2748 705 2815 ferro
726 2748 940 2833 proscindere
960 2770 1125 2833 campum.

260 2859 434 2924 Mirantur
457 2856 591 2935 Colchi;
616 2857 757 2943 Minyae
778 2857 980 2923 clamoribus
1001 2867 1137 2941 augent,

213 2967 431 3051 adiciuntque
451 2964 592 3030 animos.
638 2964 742 3031 Galea
762 2976 835 3031 turn
855 2964 957 3031 sumit
977 2966 1063 3030 aena

214 3077 366 3161 vipereos
386 3076 512 3152 dentes,
534 3084 567 3140 et
587 3084 701 3140 aratos
722 3073 852 3159 spargit
874 3074 908 3138 in
927 3095 1038 3158 agros

214 3184 353 3252 Semina
377 3183 487 3250 mollit
510 3183 634 3249 humus
657 3182 772 3249 valido
796 3181 981 3267 praetincta
1006 3202 1146 3259 venen0,

214 3308 248 3362 et
268 3303 423 3360 crescunt
443 3291 595 3377 fiuntque
616 3291 680 3359 sati
701 3313 791 3358 nova
813 3281 955 3375 ¹corpora
978 3292 1102 3357 dentes.

214 3403 330 3489 thue
345 3401 494 3469 hominis
510 3401 653 3486 speciem
666 3411 820 3467 materna
834 3399 937 3467 sumit
955 3400 989 3464 in
1004 3399 1081 3464 alvo

212 3534 336 3599 perque
356 3533 436 3579 suos
457 3511 548 3578 intus
567 3533 726 3578 numeros
745 3509 959 3595 componitur
979 3507 1103 3588 inians

212 3646 272 3691 nec
294 3623 359 3689 nisi
381 3632 537 3688 maturus
559 3641 754 3687 communes
777 3619 847 3685 exit
869 3619 903 3683 in
926 3638 1037 3696 auras,

213 3733 259 3799 sic
283 3733 339 3799 ubi
364 3731 551 3798 visceribus
575 3729 740 3816 gravidae
762 3726 891 3794 telluris
916 3726 1032 3813 imago

213 3842 332 3909 effecta
353 3851 405 3909 est
425 3838 583 3917 hominis,
606 3837 676 3905 feto
696 3835 872 3921 consurgit
893 3835 927 3899 in
948 3855 1041 3914 arvo,
