3042 4475
514 272 598 325 THE
625 270 986 328 METAMORPHOSES

201 454 230 519 si
251 453 338 532 licet,
359 463 391 519 et
413 453 490 519 falsi
511 454 630 537 positis
652 454 852 539 ambagibus
872 455 942 521 oris

200 583 281 626 vera
299 561 390 643 loqui
410 561 530 640 sinitis,
548 583 615 625 non
633 562 708 638 huc,
726 572 764 627 ut
782 583 887 647 opaca
904 563 1052 629 viderem

201 672 359 747 Tartara,
381 670 547 748 descendi,
569 693 629 736 nec
650 671 699 737 uti
721 670 841 737 villosa
861 672 1007 738 colubris

199 790 297 846 terna
321 779 497 846 Medusaei
521 780 683 846 vincirem
704 790 844 866 guttura
866 781 1027 849 monstri:

199 911 302 955 causa
323 889 401 955 viae
420 900 470 955 est
490 888 650 967 coniunx,
671 888 705 953 in
725 910 827 974 quam
848 890 974 956 calcata
994 911 1160 957 venenum

201 999 315 1082 vipera
339 997 488 1075 diffudit,
513 1008 764 1082 crescentesque
788 997 926 1064 abstulit
947 1020 1062 1064 annos.

201 1107 307 1171 Posse
326 1106 395 1191 pati
417 1106 519 1184 volui,
541 1128 601 1172 nec
622 1128 676 1172 me
696 1116 878 1191 temptasse
898 1107 1047 1192 negabo:
1270 1124 1295 1167 25

196 1197 281 1280 ⁴vicit
300 1214 420 1280 Amor.
466 1214 595 1298 Supera
615 1215 698 1281 deus
716 1214 772 1282 hic
791 1214 874 1281 bene
891 1226 993 1281 notus
1013 1216 1047 1281 in
1066 1238 1127 1281 ora
1145 1226 1206 1294 est,

202 1344 246 1388 an
271 1323 316 1387 sit
339 1332 372 1388 et
396 1323 460 1400 hic,
486 1323 613 1389 dubito.
665 1322 733 1390 Sed
756 1333 789 1389 et
813 1324 867 1390 hic
891 1335 1004 1391 tamen
1029 1344 1180 1408 auguror
1205 1346 1277 1391 esse
1286 1347 1294 1402 ;

201 1431 360 1515 famaque
379 1431 406 1496 si
427 1432 550 1497 veteris
568 1454 637 1498 non
655 1443 706 1499 est
724 1431 865 1499 mentita
885 1434 1032 1518 rapinae,

200 1562 261 1606 vos
276 1562 410 1625 quoque
423 1541 535 1607 iunxit
548 1541 668 1608 Amor.
697 1543 764 1608 Per
776 1564 841 1628 ego
855 1542 936 1608 haec
951 1543 1023 1607 loca
1037 1543 1136 1628 plena
1150 1542 1292 1622 timoris,

199 1672 258 1735 per
278 1649 392 1715 Chaos
413 1650 475 1716 hoc
496 1651 615 1736 ingens
637 1651 791 1736 vastique
811 1652 942 1717 silentia
963 1651 1070 1737 regni,
1269 1668 1294 1711 ao

200 1758 399 1843 Eurydices,
420 1780 492 1837 oro,
513 1769 692 1844 properata
713 1759 855 1826 retexite
877 1758 958 1826 iata.

199 1868 328 1935 Omnia
349 1868 512 1934 debentur
531 1869 637 1948 vobis,
658 1869 865 1955 paulumque
883 1868 1005 1935 morati

199 1978 307 2044 serius
326 1986 385 2043 aut
405 1978 503 2043 citius
524 1979 636 2043 sedern
655 1999 875 2063 properamus
894 1978 938 2043 ad
957 2000 1070 2045 unam.

199 2086 388 2153 Tendimus
409 2088 475 2153 huc
497 2109 625 2165 omnes,
646 2087 730 2154 haec
751 2098 802 2154 est
824 2088 945 2153 domus
968 2088 1098 2168 ultima,
1121 2109 1249 2175 vosque

197 2197 338 2263 humani
361 2196 499 2284 generis
521 2196 719 2284 longissima
741 2218 848 2284 regna
868 2196 997 2265 tenetis.
1267 2213 1293 2257 ³5

198 2308 297 2373 Haec
319 2329 462 2392 quoque,
486 2329 562 2373 curn
586 2308 693 2373 iustos
713 2317 849 2373 matura
870 2308 1038 2394 peregerit
1060 2329 1179 2387 annos,

198 2417 282 2482 iuris
302 2417 365 2484 erit
386 2417 508 2483 vestri:
529 2439 591 2500 pro
611 2438 751 2483 munere
770 2417 939 2501 poscimus
960 2439 1068 2482 usum.

196 2527 301 2611 Quod
323 2527 350 2592 si
373 2526 446 2592 fata
466 2537 592 2612 negant
613 2526 747 2592 veniam
769 2548 831 2610 pro
851 2526 1004 2612 coniuge,
1026 2537 1154 2593 certum
1175 2537 1225 2594 est

197 2637 287 2702 nolle
310 2637 419 2702 redire
441 2636 543 2702 mihi:
567 2636 637 2702 leto
659 2636 805 2720 gaudete
828 2634 994 2702 duorum’

242 2746 342 2811 Talia
361 2746 528 2811 dicentem
547 2766 736 2829 nervosque
755 2745 799 2809 ad
820 2745 921 2811 verba
940 2755 1131 2811 moventem
1266 2761 1292 2804 4⁰

197 2876 389 2940 exsangues
413 2854 536 2950 flebant
559 2853 710 2920 animae:
734 2875 794 2920 nec
816 2854 983 2920 Tantalus
1005 2855 1132 2920 undam

197 2965 345 3049 captavit
368 2963 536 3048 refugam,
559 2963 753 3048 stupuitque
773 2962 904 3028 Ixionis
923 2963 1025 3042 orbis,

196 3096 256 3140 nec
271 3095 430 3158 carpsere
446 3074 537 3138 iecur
553 3073 717 3151 volucres,
734 3073 896 3158 urnisque
912 3083 1075 3139 vacarunt

198 3184 340 3262 Belides,
363 3183 464 3267 inque
483 3192 543 3248 tuo
563 3182 689 3261 sedisti,
711 3182 864 3267 Sisyphe,
885 3203 979 3248 saxo.

197 3293 293 3359 Tunc
312 3293 462 3377 primurn
484 3292 631 3358 lacrimis
652 3291 819 3358 victarum
840 3292 990 3358 carmine
1011 3292 1102 3357 iarna
1122 3302 1172 3358 est
1265 3308 1291 3352 rs

198 3402 426 3469 Eumenidum
448 3402 621 3468 maduisse
641 3423 756 3488 genas.
806 3401 878 3468 Nec
901 3401 993 3486 regia
1016 3402 1166 3467 coniunx

190 3512 337 3604 sustinet
360 3513 482 3589 oranti,
507 3534 567 3578 nec
591 3511 647 3594 qui
674 3512 762 3596 regit
788 3511 855 3577 ima
878 3533 1013 3595 negare,

198 3621 459 3707 Eurydicenque
480 3631 612 3687 vocant.
659 3621 810 3688 Umbras
832 3632 904 3688 erat
926 3621 982 3686 illa
1005 3631 1152 3686 recentes

198 3730 291 3809 inter,
314 3742 347 3798 et
370 3732 505 3797 incessit
525 3752 625 3815 passu
648 3732 690 3797 de
712 3731 849 3798 vulnere
869 3731 976 3796 tardo

161 3867 165 3874 ·
197 3837 295 3907 Hanc
315 3839 418 3986 simpl
439 3850 472 3905 et
492 3839 601 3924 legem
624 3838 842 3922 Rhodopeius
863 3838 983 3922 accipit
1005 3839 1173 3924 Orpheus,
1262 3855 1291 3899 so
