3042 4475
258 283 317 350 152
547 269 792 326 SELECTIONS
821 272 931 327 FROM
959 273 1059 328 OVID

254 450 337 529 him,
352 451 413 517 but
430 451 485 518 ior
500 473 556 518 me
568 452 663 518 there
676 452 739 517 has
754 453 837 518 been
854 473 899 518 no
915 454 1106 539 protecting
1122 454 1224 540 deity.
1267 456 1349 522 Per-

257 560 351 645 haps,
374 581 453 645 you,
477 570 547 640 t00,
572 583 631 647 my
653 561 745 639 wife,
771 561 858 627 have
881 562 963 627 been
986 563 1086 629 made
1109 563 1166 656 old
1190 565 1351 652 grieving

258 667 314 733 ior
338 690 397 753 my
423 669 525 753 grief,
551 690 619 755 you
647 670 761 736 whom
788 670 803 735 I
829 670 891 736 left
918 692 956 736 so
980 693 1105 756 young.
1159 673 1235 740 The
1261 677 1350 760 gods

254 787 357 860 grant
375 776 449 843 that
469 798 563 845 some
580 779 648 863 day
667 778 682 843 1
702 800 781 864 may
799 789 914 846 return
932 780 1001 846 and
1019 780 1120 847 know
1138 781 1207 848 this
1226 782 1349 850 suffer-

256 884 316 971 ing
331 887 400 952 and
416 888 603 954 desolation
620 910 666 954 no
681 888 807 973 more]

255 1103 329 1171 Iam
349 1104 432 1170 mihi
454 1105 602 1172 deterior
622 1106 716 1171 canis
737 1106 929 1192 aspergitur
950 1117 1052 1187 aetas,

300 1213 435 1299 iamque
450 1236 543 1281 meos
562 1216 675 1281 vultus
693 1237 779 1302 ruga
798 1217 910 1282 senilis
928 1228 1019 1295 arat;

255 1325 322 1390 iam
344 1325 443 1410 vigor
464 1336 498 1392 et
520 1346 643 1410 quasso
665 1327 827 1411 languent
849 1326 883 1390 in
905 1348 1044 1412 corpore
1066 1328 1166 1407 vires,

300 1454 371 1512 nec,
390 1434 501 1499 iuveni
522 1435 615 1500 lusus
633 1434 690 1519 qui
708 1435 872 1519 placuere,
892 1435 1017 1501 iuvant.

256 1541 338 1621 Nec,
358 1543 385 1608 si
402 1564 456 1609 me
473 1544 586 1610 subito
603 1543 728 1622 videas,
745 1565 930 1629 agnoscere
948 1544 1074 1629 possis:

300 1652 421 1718 aetatis
446 1651 537 1718 facta
560 1663 612 1719 est
634 1662 730 1719 tanta
753 1653 851 1718 ruina
875 1674 980 1719 meae.

254 1759 437 1840 Confiteor,
456 1760 567 1827 iacere
582 1762 646 1828 hoc
662 1783 787 1829 annos:
804 1762 863 1827 sed
877 1772 909 1827 et
924 1763 1028 1828 altera
1044 1784 1145 1829 causa
1163 1773 1224 1843 est,

298 1869 456 1936 anxietas
476 1870 581 1936 animi
602 1870 847 1955 continuusque
867 1871 970 1936 labor.

255 1979 346 2045 Nam
366 2000 441 2044 mea
461 2000 520 2063 per
541 1980 663 2064 longos
683 1979 710 2044 si
732 1979 807 2063 quis
829 1980 917 2045 mala
938 1980 1070 2065 digerat
1091 2002 1256 2061 annos,-

166 2074 171 2087 ’
297 2089 396 2154 crede
415 2088 646 2173 mihi-Pylio
667 2088 815 2154 Nestore
835 2088 942 2154 maior
963 2109 1031 2155 eru.

253 2196 372 2265 Cernis
392 2208 429 2265 ut
450 2197 484 2263 in
503 2197 677 2264 duris—et
695 2197 776 2283 quid
796 2197 882 2264 bove
903 2197 1194 2265 firmins?-arvis

299 2307 402 2374 fortia
421 2319 597 2375 taurorum
616 2329 757 2392 corpora
779 2306 917 2392 frangat
936 2329 1029 2392 opus

251 2416 350 2503 Quae
364 2438 549 2501 numquam
567 2438 675 2482 vacuo
693 2416 792 2481 solita
810 2427 860 2482 est
877 2437 1007 2482 cessare
1024 2417 1149 2496 novali,

297 2525 462 2590 fructibus
485 2525 637 2591 adsiduis
660 2526 747 2590 lassa
772 2524 911 2590 senescit
934 2525 1066 2590 humus.

251 2632 401 2712 Occidet,
424 2634 467 2700 ad
489 2633 568 2700 circi
590 2633 617 2698 si
640 2633 715 2717 quis
736 2633 919 2699 certamina
941 2654 1071 2718 semper

296 2763 363 2808 non
387 2742 586 2808 intermissis
608 2742 760 2808 cursibus
783 2742 843 2807 ibit
866 2763 982 2826 equus

251 2851 366 2917 Firma
385 2852 427 2917 sit
445 2851 501 2918 illa
516 2852 602 2930 licet,
619 2852 768 2916 solvetur
785 2851 820 2915 in
835 2871 979 2935 aequore
996 2851 1103 2931 navis,

294 2981 380 3045 quae
403 2982 589 3045 numquam
613 2960 749 3044 liquidis
772 2959 858 3024 sicca
881 2959 1006 3025 carebit
1028 2961 1135 3045 aquis.

250 3070 311 3136 Me
332 3090 465 3154 quoque
487 3069 639 3135 debilitat
662 3068 764 3133 series
788 3068 939 3148 inmensa
959 3069 1137 3147 malorum,

294 3188 374 3245 ante
394 3199 506 3244 meum
527 3189 659 3262 tempus
679 3177 772 3262 cogit
795 3185 828 3242 et
849 3198 921 3242 esse
943 3197 1066 3242 senem.

250 3286 331 3354 Otia
346 3308 467 3372 corpus
482 3288 587 3366 alunt,
605 3287 738 3352 animus
753 3306 885 3369 quoque
900 3285 1048 3370 pascitur
1066 3287 1149 3352 illis:

295 3395 484 3462 inmodicus
507 3406 625 3462 contra
649 3395 756 3479 carpit
781 3395 1086 3478 utrumquelabor.

248 3504 405 3589 Adspice,
427 3505 461 3569 in
480 3505 541 3571 has
561 3504 666 3589 partis
686 3503 777 3587 quod
798 3502 925 3568 venerit
946 3502 1080 3569 Aesone
1099 3513 1210 3583 natus,

294 3635 395 3698 quam
416 3615 552 3680 laudem
571 3634 592 3679 a
613 3601 686 3679 sera
707 3611 903 3697 posteritate
924 3612 1023 3678 ferat.

249 3722 297 3787 At
317 3723 411 3788 labor
433 3723 522 3788 illius
544 3733 661 3788 nostro
683 3721 855 3804 leviorque
875 3721 1053 3805 minorque
1072 3730 1132 3800 est,

295 3830 322 3895 si
342 3832 445 3897 modo
464 3852 533 3898 non
553 3853 670 3898 verum
691 3829 831 3896 nomina
851 3850 975 3915 magna
995 3839 1160 3913 premunt.
