3042 4475
209 209 269 273 120
497 207 740 262 SELECTIONS
769 208 879 262 FROM
908 208 1007 262 OVID

256 386 311 453 Ne
328 387 416 454 foret
433 388 487 455 hic
504 388 609 473 igitur
625 389 759 454 mortali
778 388 904 455 semine
920 398 1040 466 cretuS,

207 495 263 561 ille
285 497 367 563 deus
392 497 566 564 faciendus
590 508 672 563 erat.
720 498 823 582 Quod
845 507 883 564 ut
904 518 1006 563 aurea
1029 496 1115 563 vidit

206 605 344 673 Aeneae
364 606 531 692 genetrix,
553 606 639 673 vidit
661 629 795 692 quoque
816 606 911 673 triste
933 606 1046 691 parari

206 714 354 799 pontifici
380 716 483 781 letum
506 728 540 784 et
563 716 739 782 coniurata
762 737 856 781 arma
879 715 1019 794 moveri,

206 824 324 908 palluit
343 835 375 892 et
393 824 532 905 cunctis,
551 836 589 892 ut
606 825 726 910 cuique
743 835 815 891 erat
834 825 944 904 obvia,
964 825 1052 891 divis

208 933 392 1018 ‘Adspice’
414 935 554 1017 dicebat,
575 934 721 1019 ‘quanta
741 934 824 1001 mihi
845 936 933 1001 mole
953 945 1112 1020 parentur
1259 948 1296 991 777

129 1092 134 1102 .
206 1039 348 1107 insidiae
369 1052 563 1126 quantaque
583 1052 684 1127 caput
706 1064 783 1108 cum
807 1042 927 1110 fraude
949 1052 1092 1127 petatur,

206 1151 297 1233 quod
319 1151 361 1217 de
382 1151 558 1216 Dardanio
579 1151 688 1216 solum
710 1151 793 1216 mibi
816 1160 919 1217 restat
941 1151 1026 1217 Iulo.

208 1257 332 1326 Solane
352 1280 481 1343 semper
502 1281 560 1325 ero
579 1259 676 1351 iustis
697 1259 845 1326 exercita
865 1260 965 1339 curis,

207 1388 308 1450 quam
328 1368 431 1433 modo
450 1368 603 1453 Tydidae
623 1366 810 1452 Calydonia
829 1369 979 1434 vulneret
997 1368 1105 1447 basta,
1160 1436 1162 1442 ,

208 1496 296 1541 nunc
317 1476 405 1567 male
426 1476 586 1542 defensae
606 1476 818 1543 confundant
840 1477 972 1542 moenia
994 1477 1128 1555 Troiae,
1259 1490 1298 1534 777

206 1604 292 1666 quae
314 1583 446 1650 videam
469 1594 586 1651 natum
609 1586 720 1672 longis
741 1586 910 1652 erroribus
933 1595 1045 1651 actum

206 1693 390 1778 iactarique
411 1694 499 1759 freto
520 1695 679 1779 sedesque
700 1695 827 1761 intrare
847 1695 1004 1761 silentum
1049 1686 1051 1689 ’

206 1803 358 1887 bellaque
377 1824 453 1868 cum
475 1803 593 1869 Turno
613 1825 742 1890 gerere,
763 1814 833 1882 aut,
854 1803 881 1868 si
902 1825 982 1869 vera
1004 1803 1160 1882 fatemur,

206 1933 283 1977 cum
307 1911 436 1978 Iunone
458 1912 592 1997 magis?
637 1913 730 1997 Quid
752 1934 841 1979 nunc
862 1913 1001 1996 antiqua
1024 1912 1182 1977 recordor

207 2020 331 2085 damna
348 2021 413 2085 mei
431 2021 588 2105 generis?
627 2021 748 2086 Timor
765 2021 819 2086 hic
834 2021 1027 2086 meminisse
1044 2020 1195 2104 priorum
1259 2034 1298 2077 775

206 2150 274 2194 non
299 2129 396 2196 sinit:
419 2152 461 2196 en
484 2130 560 2196 acui
586 2131 763 2197 sceleratos
787 2129 922 2195 cernitis
946 2128 1066 2195 enses?

152 2257 155 2262 ’
206 2239 302 2324 Quos
324 2240 506 2324 prohibete,
528 2262 656 2325 precor,
680 2240 877 2324 facinusque
898 2239 1055 2324 repellite,
1077 2237 1162 2305 neue

205 2349 307 2416 caede
329 2350 514 2416 sacerdotis
538 2350 692 2415 flammas
716 2349 924 2434 exstinguite
947 2347 1110 2415 Vestae!'

205 2534 209 2540 ,
252 2458 350 2525 Talia
372 2457 576 2543 nequiquam
597 2468 670 2524 toto
691 2458 809 2524 Venus
830 2457 933 2523 anxia
954 2458 1046 2524 caelo
1203 2541 1207 2552 .

208 2567 309 2632 verba
325 2566 402 2632 iacit
418 2588 621 2652 superosque
636 2557 759 2632 movet.
789 2566 857 2652 Qui
873 2587 1029 2651 rumpere
1042 2585 1246 2650 quamquam
1259 2579 1297 2622 787
1336 2591 1339 2596 ·

207 2673 316 2741 ferrea
336 2696 405 2739 non
424 2686 564 2759 possunt
583 2685 734 2741 veterum
754 2676 889 2741 decreta
909 2696 1074 2753 sororum,

206 2784 304 2869 signa
325 2794 438 2850 tamen
460 2785 569 2850 luctus
590 2785 672 2850 dant
691 2785 783 2849 haud
804 2783 930 2850 incerta
953 2783 1068 2848 futuri.
1099 2789 1102 2796 '

252 2893 359 2959 Arma
384 2892 497 2960 ferunt
519 2893 606 2959 inter
628 2894 744 2978 nigras
767 2892 964 2977 crepitantia
986 2893 1091 2958 nubes

205 3003 435 3087 terribilesque
456 3003 555 3069 tubas
577 3002 757 3086 auditaque
779 3023 905 3068 cornua
927 3002 1021 3068 caelo

207 3112 458 3197 praemonuisse
475 3111 580 3177 nefas
624 3110 714 3176 Solis
732 3131 864 3194 quoque
880 3109 988 3175 tristis
1005 3109 1121 3194 imago
1259 3123 1297 3166 787

206 3220 316 3286 lurida
339 3220 490 3286 sollicitis
513 3220 690 3305 praebebat
714 3219 842 3285 lumina
864 3219 972 3284 terris.

208 3329 315 3414 Saepe
338 3329 429 3397 faces
452 3329 545 3395 visae
566 3329 686 3394 mediis
709 3329 826 3393 ardere
849 3328 911 3394 sub
932 3326 1043 3406 astris,

205 3460 304 3524 saepe
326 3439 412 3504 inter
434 3438 567 3504 nimbos
588 3448 708 3522 guttae
728 3437 876 3502 cecidere
900 3446 1065 3502 cruentae.

206 3548 369 3614 Caerulus
390 3558 422 3613 et
443 3548 574 3613 vultum
596 3546 768 3631 ferrugine
790 3545 928 3610 Lucifer
948 3554 1023 3610 atra

207 3677 344 3741 sparsus
362 3666 444 3732 erat,
467 3655 572 3739 sparsi
593 3655 744 3749 Lunares
764 3652 929 3736 sanguine
946 3674 1073 3718 currus
1259 3667 1297 3710 roo

206 3765 333 3831 Tristia
353 3764 445 3847 mille
462 3764 544 3829 locis
566 3763 707 3849 Stygius
727 3762 819 3828 dedit
839 3763 952 3828 omina
973 3763 1072 3841 bubo,
