3042 4475
509 304 593 357 THE
619 302 979 360 METAMORPHOSES

197 483 289 549 mille
313 484 395 549 locis
418 483 607 551 lacrimavit
629 485 721 564 ebur,
743 496 931 571 cantusque
952 486 1108 553 feruntur

197 592 304 657 auditi
328 593 453 659 sanctis
476 605 509 660 et
533 596 634 660 verba
659 594 826 661 minantia
850 595 943 662 lucis,

197 701 348 767 Victima
368 702 460 768 nulla
479 702 553 767 litat
573 724 782 789 magnosque
802 702 929 769 instare
947 705 1112 770 tumultus

197 809 282 875 fibra
300 820 425 890 monet,
442 832 642 896 caesumque
658 822 758 897 caput
776 813 941 897 reperitur
959 812 992 877 in
1010 813 1108 879 extis.

198 918 304 1003 Inque
325 918 401 985 loro
421 920 613 1005 circumque
632 922 752 987 domos
772 932 804 988 et
824 923 948 1007 templa
969 923 1108 989 deorum

195 1037 379 1094 nocturnos
399 1029 547 1096 ululasse
566 1051 669 1096 canes
686 1030 890 1116 umbrasque
910 1031 1066 1097 silentum

195 1137 362 1203 erravisse
383 1137 498 1206 terunt
518 1149 713 1224 motamque
734 1140 936 1206 tremoribus
958 1140 1084 1206 urbem.

242 1246 323 1313 Non
346 1243 460 1313 tamen
483 1247 623 1314 insidias
646 1258 855 1333 venturaque
876 1248 1009 1316 vincere
1032 1248 1103 1314 fata

195 1356 427 1439 praemonitus
446 1368 583 1442 potuere
602 1358 713 1435 deum,
734 1358 908 1443 strictique
930 1358 1084 1423 feruntur

194 1465 230 1529 in
250 1466 413 1549 templum
434 1466 557 1551 gladii3
578 1467 795 1551 nequeenim
816 1468 908 1533 locus
929 1468 1017 1533 ullus
1039 1467 1072 1531 in
1094 1468 1176 1534 urbe

193 1574 239 1640 ad
261 1573 393 1640 facinus
414 1575 590 1660 diramque
609 1576 726 1661 placet,
748 1575 812 1641 nisi
835 1576 938 1655 curia,
959 1576 1104 1641 caedem.

194 1683 285 1749 Tum
305 1705 386 1749 vero
406 1683 573 1768 Cytherea
592 1705 696 1751 manu
715 1685 881 1769 percussit
902 1695 1044 1769 utraque
1113 1742 1116 1749 i

193 1803 309 1877 pectus
331 1803 363 1859 et
384 1792 568 1859 Aeneaden
590 1794 729 1859 molitur
746 1794 895 1862 ,condere
916 1794 1013 1872 nube,

194 1923 262 1985 qua
280 1901 374 1985 prius
393 1902 519 1968 infesto
539 1902 636 1968 Paris
655 1913 704 1968 est
724 1912 858 1986 ereptus
878 1902 1022 1969 Atridae

194 2022 228 2077 et
244 2011 456 2077 Diomedeos
478 2010 612 2077 Aeneas
636 2012 772 2098 fugerat
795 2034 899 2079 enses.

239 2120 381 2187 Talibus
401 2121 489 2187 hanc
508 2121 660 2206 genitor:
682 2121 787 2187 ‘Sola
808 2121 1032 2205 insuperabile
1053 2121 1173 2201 iatum,

193 2241 283 2309 nata,
305 2253 441 2297 movere
462 2229 585 2316 paras?
630 2229 739 2297 Intres
760 2230 837 2298 licet
857 2230 930 2315 ipsa
951 2252 1106 2298 sororum

192 2351 280 2406 tecta
299 2341 422 2407 trium:
442 2362 557 2406 cernes
576 2340 643 2406 illic
662 2341 837 2408 molimine
855 2351 954 2407 vasto

194 2471 237 2514 ex
255 2470 333 2515 aere
350 2460 383 2515 et
403 2449 513 2515 solido
531 2471 643 2516 rerum
661 2449 827 2515 tabularia
849 2448 950 2529 ferre,

193 2579 279 2642 quae
299 2579 408 2642 neque
429 2579 630 2646 concursum
652 2558 733 2624 caeli
756 2581 864 2643 neque
888 2558 1040 2624 fulminis
1063 2559 1148 2624 iram

193 2688 252 2732 nec
271 2677 426 2732 metuunt
446 2667 531 2732 ullas
550 2677 623 2733 tuta
642 2677 743 2752 atque
762 2677 898 2733 aeterna
918 2667 1043 2733 ruinas.

193 2776 351 2842 Invenies
372 2776 439 2842 illic
461 2775 565 2841 incisa
586 2777 767 2842 adamante
788 2777 924 2860 perenni

194 2885 265 2951 tata
286 2885 336 2951 tui
357 2885 500 2970 generis
546 2885 631 2971 Legi
653 2884 723 2969 ipse
742 2885 922 2970 animoque
943 2885 1058 2951 notavi

194 3005 226 3059 et
242 2994 399 3072 referam,
418 3015 460 3058 ne
476 2992 522 3058 sis
539 2993 723 3059 etiamnum
741 2994 860 3078 ignara
880 2994 996 3060 futuri.

193 3101 260 3168 Hic
278 3123 340 3167 sua
358 3101 549 3184 complevit,
569 3123 630 3186 pro
648 3124 726 3187 qu0‚
746 3101 923 3187 Cytherea,
944 3103 1087 3182 laboras,

191 3221 353 3295 tempora,
374 3210 543 3296 perfectis,
564 3232 649 3294 quos
669 3222 781 3277 terrae
802 3210 927 3289 debuit,
949 3211 1056 3277 annis.

191 3319 239 3387 Ut
263 3320 347 3385 deus
370 3320 507 3385 accedat
530 3320 621 3384 caelo
644 3320 843 3403 templisque
867 3320 1007 3398 colatur,

189 3438 226 3493 tu
253 3429 357 3495 iacies
383 3439 550 3513 natusque
574 3450 672 3495 suus:
698 3429 754 3513 qui
781 3429 1048 3494 nominisvheres

193 3537 387 3621 impositum
406 3537 492 3602 leret
510 3558 598 3602 unus
615 3558 702 3602 onus
720 3537 874 3621 caesique
892 3538 1040 3621 parentis

190 3667 250 3712 nos
270 3647 305 3711 in
325 3647 411 3712 bella
431 3668 510 3712 suos
532 3645 737 3711 fortissimus
757 3646 848 3711 ultor
867 3647 1010 3712 habebit.

191 3753 284 3821 Illius
305 3755 466 3841 auspiciis
489 3755 644 3821 obsessae
666 3754 800 3820 moenia
823 3775 938 3838 pacem

190 3863 276 3930 victa
300 3875 413 3951 petent
435 3863 603 3942 Mutinae,
628 3863 804 3929 Pharsalia
826 3863 946 3930 sentiet
969 3864 1074 3943 illum,
