3042 4475
232 292 273 356 26
521 292 767 348 SELECTIONS
796 294 906 347 FROM
933 292 1034 345 OVID

233 470 425 557 corripuere
446 470 546 549 viam,
569 472 775 557 pedibusque
793 493 852 557 per
872 476 953 537 aera
973 470 1075 537 motis

233 578 405 647 obstantes
427 580 583 648 scindunt
604 580 751 657 nebulas,
774 582 957 665 pennisque
976 580 1076 645 levati

234 696 451 773 praetereunt
469 700 565 755 ortos
586 690 692 755 isdem
713 690 756 757 de
773 690 924 775 partibus
942 690 1063 754 Euros.
1288 704 1328 747 ιω

282 796 348 865 Sed
368 799 440 865 leve
458 798 589 883 pondus
608 807 691 875 erat,
709 818 774 863 nec
789 798 879 881 quod
897 819 1101 883 cognoscere
1119 809 1256 881 possent

237 906 326 975 Solis
348 906 436 991 equi,
459 907 623 991 solitaque
643 906 763 991 iugum
782 906 951 992 gravitate
971 909 1123 984 carebat;

236 1026 337 1101 utque
363 1015 475 1083 labant
500 1036 623 1082 curvae
648 1015 736 1080 iusto
762 1016 834 1081 sine
857 1016 1004 1099 pondere
1029 1039 1141 1094 naves

236 1146 358 1211 perque
381 1146 476 1193 mare
500 1124 674 1191 instabiles
697 1125 801 1190 nimia
824 1125 960 1192 levitate
981 1125 1146 1203 feruntur,

237 1234 283 1301 sic
307 1255 407 1301 onere
431 1235 571 1301 adsueto
596 1255 722 1300 vacuus
745 1235 804 1300 dat
829 1234 862 1298 in
886 1237 967 1300 aera
991 1236 1106 1313 saltus,
1290 1249 1329 1293 1⁶5

237 1344 487 1429 succutiturque
508 1344 584 1421 alte,
608 1343 793 1427 similisque
814 1342 864 1410 est
885 1366 1003 1411 currus
1025 1344 1126 1411 inani.

236 1452 338 1539 Quod
362 1452 502 1519 simulac
525 1474 670 1532 sensere,
694 1464 797 1519 ruunt
818 1455 1001 1538 tritumque
1023 1455 1217 1539 relinquunt

236 1560 429 1648 ‹ptudriiugi
454 1562 611 1647 spatium,
634 1584 695 1628 nee
717 1584 785 1647 quo
806 1564 900 1648 prius
922 1564 1040 1630 ordine
1063 1574 1210 1630 currunt.

240 1671 316 1757 ipse
338 1682 447 1758 pavet,
471 1693 530 1739 nec
552 1694 618 1757 qua
640 1672 838 1738 commissas
860 1673 971 1739 flectat
991 1674 1151 1750 habenas,

237 1802 295 1848 uec
315 1781 376 1849 scit
396 1803 461 1867 qua
481 1782 523 1850 sit
542 1781 622 1860 iter;
641 1803 712 1861 nec,
734 1783 760 1847 si
783 1782 876 1861 sciat,
896 1783 1039 1866 imperet
1058 1782 1131 1847 iilis.

238 1890 326 1957 'l'tun
350 1890 497 1976 primunr
522 1892 625 1957 radiis
648 1891 750 1975 gelidi
776 1892 905 1957 caluere
928 1891 1082 1968 Triones,

238 2010 270 2067 et
290 1998 394 2066 vetito
415 1999 542 2066 frustra
560 2010 769 2085 temptarunt
788 2021 932 2085 aequore
950 1999 1048 2084 tingi,

240 2128 390 2193 quaeque
412 2109 488 2193 polo
510 2108 619 2193 posita
640 2119 689 2174 est
711 2108 844 2193 glaciali
866 2109 1022 2193 proxima
1043 2108 1198 2193 Serpens,

240 2215 368 2302 frigore
389 2216 486 2304 pigra
507 2217 600 2304 prius
621 2240 682 2285 nee
704 2217 930 2284 formidabilis
949 2218 1020 2297 ulli,

240 2325 378 2394 incaluit
396 2327 606 2412 sumpsitque
625 2349 731 2393 novas
751 2327 941 2393 fervoribus
960 2328 1036 2393 iras.

239 2435 289 2502 'l'e
313 2456 445 2521 (pioque
469 2436 642 2503 turbatum
668 2447 857 2502 memorant
884 2436 1022 2520 fugisse,
1049 2438 1168 2515 Boote,

239 2543 394 2629 ‹puinvis
415 2545 533 2612 tardus
553 2567 628 2612 eras
648 2556 681 2612 et
700 2556 735 2612 te
755 2557 814 2612 tua
834 2546 984 2630 plaustra
1004 2547 1172 2612 tenebant.

288 2653 335 2722 Ut
355 2673 433 2721 vcro
452 2675 585 2720 summo
602 2655 756 2738 despexit
774 2655 817 2720 ab
833 2655 966 2720 aethere
983 2666 1091 2721 terras

241 2761 361 2829 infelix
384 2763 561 2830 Phaethon
582 2764 715 2849 penitus
735 2763 934 2848 penitusque
954 2764 1108 2843 iacentes,

240 2871 366 2958 palluit,
388 2881 418 2938 et
440 2871 551 2939 subito
571 2894 682 2958 genua
703 2873 904 2938 intremuere
924 2873 1055 2950 timore,

240 2990 384 3066 suntque
403 2981 509 3048 oculis
529 2982 686 3048 tenebrae
706 3003 765 3067 per
784 2991 918 3047 tantum
939 2982 1051 3047 lumen
1070 2984 1219 3048 obortae.

242 3089 283 3156 tu
306 3089 373 3156 hun
393 3091 506 3157 mallet
527 3113 630 3176 equos
650 3112 837 3174 numquam
857 3090 1009 3175 tetigisse
1029 3102 1198 3175 paternos,

241 3197 307 3266 ium
329 3221 496 3284 cognosse
516 3221 626 3286 genus
646 3199 740 3284 piget
763 3211 797 3266 et
819 3199 966 3266 valuisse
988 3200 1153 3285 rogand0,

241 3307 307 3375 inm
330 3309 481 3394 Meropis
501 3307 566 3374 dici
588 3309 726 3393 cupiens
745 3308 792 3374 ita
814 3307 932 3386 fertur,
953 3320 990 3375 ut
1010 3318 1087 3374 acta

242 3417 413 3503 praecipiti
437 3418 536 3503 pinus
560 3419 680 3488 Borea.
703 3417 756 3482 cui
781 3417 869 3482 victa
893 3416 1021 3483 remisit

242 3523 336 3592 frena
356 3547 437 3594 suus
457 3537 576 3599 rector,
595 3547 698 3610 quam
718 3525 770 3590 dis
788 3525 943 3609 votisque
962 3526 1106 3611 reliquit.

241 3633 334 3720 Quid
360 3633 484 3702 faciut?
532 3636 682 3701 Multum
705 3633 787 3699 caeli
811 3643 887 3717 post
911 3643 1007 3718 terga
1031 3635 1195 3714 relictum,

241 3744 456 3810 antomidus
478 3745 553 3828 plus
576 3742 644 3808 est!
692 3741 820 3808 :inimo
842 3742 980 3807 metitur
1003 3752 1193 3827 utrumque,

239 3861 270 3918 et
290 3852 392 3918 nudo
410 3873 495 3936 quos
513 3852 560 3917 illi
581 3850 690 3917 fatum
708 3850 905 3935 contingere
922 3873 992 3916 non
1009 3862 1071 3929 est,
