3042 4475
509 290 592 345 THE
619 289 979 347 METAMORPHOSES

196 471 384 556 inspicitur,
405 482 623 558 penetratque
642 494 743 540 cavas
763 496 832 540 vox
851 474 962 540 omnis
983 475 1025 539 ad
1045 494 1153 541 aures.

197 581 303 646 Fama
323 591 424 659 tenet,
447 603 644 666 summaque
663 583 802 648 domum
826 582 887 648 sibi
912 582 992 667 legit
1015 582 1154 661 marce,

196 690 460 775 innumerosque
483 690 596 756 aditus
618 711 658 756 ac
680 690 773 757 mille
796 689 964 758 foramina
987 690 1083 757 tectis

196 800 338 878 addidit,
359 809 392 865 et
415 800 515 865 nullis
537 799 670 866 inclusit
691 800 807 866 limina
827 800 953 885 portis:

196 919 295 974 nocte
315 908 436 993 dieque
456 918 556 993 patet.
603 908 691 976 Tota
712 919 825 975 estex
846 930 921 974 aere
943 908 1087 987 sonanti,

196 1028 268 1083 tota
292 1017 418 1096 fremit,
443 1038 606 1102 vocesque
630 1019 745 1096 refert,
769 1018 932 1101 iteratque
955 1018 1045 1100 quod
1069 1016 1172 1082 audit.

197 1126 301 1192 Nulla
323 1127 418 1210 quies
440 1126 530 1192 intus
550 1127 708 1211 nullaque
729 1125 863 1192 silentia
884 1136 997 1212 parte:

195 1258 256 1301 nec
275 1247 389 1302 tamen
409 1247 459 1302 est
478 1237 615 1314 clamor,
636 1236 695 1301 sed
712 1256 838 1320 parvae
857 1256 1032 1301 murmura
1051 1234 1154 1313 vocis,

195 1344 307 1429 qualia
327 1345 369 1410 de
389 1344 510 1429 pelagi,
533 1344 560 1409 si
583 1343 658 1427 quis
680 1344 795 1428 procul
815 1344 941 1422 audiat,
963 1343 1063 1409 undis

195 1475 269 1519 esse
287 1454 406 1532 solent,
426 1454 602 1537 qualemve
622 1475 753 1530 sonum,
772 1474 850 1519 cum
871 1452 1021 1536 Iuppiter
1040 1462 1132 1517 atras

195 1562 361 1647 increpuit
385 1564 500 1641 nubes,
526 1573 678 1628 extrema
701 1562 853 1628 tonitrua
878 1563 1034 1627 reddunt.

196 1673 295 1737 Atria
314 1672 413 1737 turba
433 1681 541 1742 tenet:
561 1672 710 1748 veniunt,
731 1671 804 1737 leve
824 1671 956 1756 vulgus
980 1681 1135 1754 euntque,

194 1782 371 1865 mixtaque
390 1802 467 1846 cum
486 1780 574 1846 veris
593 1780 719 1864 passim
737 1791 927 1846 commenta
946 1789 1115 1864 vagantur

195 1891 288 1956 milia
312 1910 498 1967 rumorum,
520 1889 728 1972 confusaque
749 1888 850 1954 verba
874 1888 1035 1953 volutant.

195 2000 226 2063 E
248 1999 371 2083 quibus
393 1998 427 2063 hi
453 2020 577 2064 vacuas
601 1998 740 2081 implent
764 1997 973 2063 sermonibus
996 2017 1105 2074 aures

194 2109 227 2173 hi
248 2118 387 2175 narrata
409 2107 525 2173 ferunt
545 2107 629 2185 ali0;
648 2127 871 2190 mensuraque
889 2105 957 2171 ficti

194 2218 324 2296 crescit,
344 2228 377 2285 et
397 2217 523 2284 auditis
542 2216 670 2302 aliquid
688 2237 797 2282 novus
817 2213 919 2282 adicit
938 2224 1065 2281 auctor.

195 2330 268 2394 lllic
292 2327 495 2404 Credulitas
518 2326 584 2392 illic
607 2325 805 2393 temerarius
827 2325 945 2403 Error,

194 2458 348 2521 vanaque
369 2435 515 2503 Laetitia
537 2445 596 2513 est,
620 2433 890 2518 consternatique
912 2433 1078 2511 Timores

195 2546 393 2630 Seditioque
415 2565 543 2629 repenS,
566 2544 734 2628 dubioque
754 2553 890 2608 auctore
913 2541 1060 2608 Susurri.

193 2655 284 2740 Ipsa,
306 2654 388 2738 quid
409 2654 443 2718 in
465 2653 557 2718 caelo
579 2648 691 2718 rerum
711 2651 902 2736 pelagoque
922 2659 1061 2736 geratur

192 2775 226 2831 et
248 2765 377 2840 tellure,
398 2763 501 2839 videt,
523 2772 697 2845 totumque
720 2759 859 2844 inquirit
881 2759 915 2823 in
937 2758 1061 2824 orbem.

431 3082 676 3151 ACHILLES
713 3081 817 3149 AND
855 3080 1049 3148 CYCNUS

603 3256 685 3322 (Met.
702 3253 746 3315 xii,
759 3253 876 3321 64-145)

267 3419 361 3502 [The
382 3415 533 3503 fighting
554 3426 588 3481 at
610 3414 705 3499 Troy
727 3413 794 3479 had
817 3413 938 3497 begun.
987 3411 1219 3497 Conspicuous
1241 3434 1286 3477 on

192 3531 249 3598 the
268 3528 380 3596 Greek
398 3526 472 3592 side
488 3546 560 3591 was
579 3523 738 3600 Achilles,
758 3545 802 3588 on
821 3523 878 3587 the
895 3521 1039 3605 Trojan,
1061 3523 1190 3588 Hector
1209 3522 1286 3598 and,

191 3660 321 3722 among
343 3636 468 3710 others,
493 3630 638 3716 Cycnus,
663 3651 725 3694 son
746 3629 785 3695 oi
809 3629 977 3712 Neptune.
1026 3626 1174 3713 Coming
1196 3650 1286 3712 upon

193 3748 339 3833 Cycnus,
360 3742 512 3810 Achilles
533 3741 629 3824 flung
647 3761 666 3803 a
685 3737 822 3822 javelin‚
844 3737 954 3804 which
976 3737 1090 3803 struck
1109 3737 1168 3804 but
1189 3738 1287 3803 could

190 3868 251 3923 not
265 3854 392 3923 wound
407 3851 490 3927 him,
508 3848 562 3914 ior
578 3847 736 3932 Neptune
750 3846 817 3912 had
831 3846 929 3912 made
944 3847 1015 3911 him
1031 3845 1235 3929 impervious
1251 3855 1286 3916 to

368 3949 401 3997 10
