3042 4475
230 249 289 310 116
517 245 738 301 SELECTION
743 245 762 299 S
791 244 902 300 FROM
929 243 1029 300 OVID

274 425 357 491 Inde
377 426 440 492 sati
461 424 607 492 Curibus
626 426 808 492 tacitorum
826 446 921 491 more
939 425 1095 509 luporum

227 557 287 602 ore
300 546 461 621 premunt
483 557 581 601 voces
602 546 635 602 et
656 556 797 620 corpora
818 534 907 601 victa
929 555 1048 618 sopore
1078 606 1083 616 ⁵

229 643 393 709 invadunt
408 654 589 728 portasque
604 654 731 730 petunt,
746 664 830 727 quas
844 642 937 709 obice
952 642 1050 708 firmo

227 752 393 817 clauserat
415 752 550 818 Iliades.
594 752 711 818 Unam
731 763 844 817 tamen
866 752 937 835 ipsa
958 751 1092 817 reclusit

226 882 287 926 nec
307 860 483 945 strepitum
503 882 601 927 verso
622 860 782 927 Saturnia
802 860 937 926 cardine
958 860 1047 925 fecit.

228 969 308 1035 Sola
329 970 447 1036 Venus
468 979 585 1054 portae
605 969 764 1036 cecidisse
786 969 945 1054 repagula
968 968 1072 1035 sensit

225 1088 257 1144 et
278 1079 433 1144 clausura
455 1078 530 1157 fuit,
551 1079 615 1144 nisi
636 1079 726 1163 quod
746 1079 936 1144 rescindere
955 1100 1141 1163 numquam

227 1188 280 1252 dis
298 1188 372 1253 licet
388 1200 462 1254 acta
480 1189 589 1253 deum.
633 1188 717 1253 Iano
733 1189 805 1253 loca
822 1187 939 1272 juncta
955 1188 1111 1253 tenebant

226 1296 346 1362 naides
367 1296 542 1362 Ausoniae
563 1296 676 1382 gelido
699 1297 850 1363 rorantia
873 1297 976 1363 fonte.

227 1406 302 1470 Has
322 1417 420 1490 rogat
440 1406 615 1471 auxilium.
660 1407 732 1473 Nec
751 1407 918 1491 nymphae
938 1406 1024 1472 iusta
1045 1415 1211 1491 petentem

226 1514 414 1580 sustinuere
437 1516 534 1580 deam
557 1536 725 1600 venasque
747 1526 779 1582 et
803 1516 942 1581 flumina
965 1515 1069 1581 fontis

226 1623 368 1690 elicuere
389 1624 450 1689 sui.
498 1624 661 1690 Nondum
681 1637 795 1691 tamen
817 1624 908 1690 invia
930 1624 1004 1693 Iani

227 1753 287 1797 ora
304 1733 449 1817 patentis
467 1742 573 1810 erant,
592 1754 698 1817 neque
716 1733 778 1798 iter
795 1733 1019 1816 praecluserat
1036 1732 1136 1797 unda.

226 1841 354 1907 Lurida
375 1852 566 1927 supponunt
588 1842 733 1908 fecundo
753 1843 913 1927 sulphura
934 1842 1020 1907 fonti

227 1951 474 2036 incenduntque
496 1973 596 2017 cavas
620 1951 772 2018 fumante
793 1951 956 2018 bitumine
978 1972 1089 2017 venas.

226 2060 366 2126 Viribus
388 2060 440 2125 his
462 2060 604 2145 aliisque
625 2082 730 2151 vapor
750 2060 937 2144 penetravit
959 2060 1002 2126 ad
1024 2059 1092 2125 ima

228 2170 343 2249 fontis,
365 2179 397 2235 et
419 2169 545 2254 Alpino
566 2169 669 2235 modo
689 2191 776 2254 quae
796 2178 924 2234 certare
944 2168 1049 2254 rigori

227 2279 401 2345 audebatis
417 2300 534 2363 aquae,
553 2301 621 2344 non
637 2279 754 2344 ceditis
771 2278 906 2362 ignibus
923 2277 1013 2362 ipsis.

227 2387 447 2454 Flammifera
469 2388 595 2473 gemini
619 2387 752 2454 fumant
774 2386 973 2472 adspergine
992 2397 1114 2471 postes,

226 2509 398 2580 portaque,
420 2497 624 2581 nequiquam
645 2497 766 2582 rigidis
785 2495 951 2581 promissa
973 2494 1117 2573 Sabinis,

228 2605 323 2672 fonte
343 2605 408 2671 fuit
427 2615 636 2691 praestructa
656 2627 755 2684 nov0,
778 2605 858 2670 dum
880 2604 1026 2669 Martius
1045 2625 1141 2669 arma

228 2715 379 2781 indueret
398 2715 503 2780 miles.
548 2714 647 2799 Quae
664 2723 843 2798 postquam
863 2714 1029 2800 Romulus
1048 2713 1138 2778 ultro

228 2813 409 2900 obtulit‚‘et
428 2833 533 2888 strata
551 2833 601 2888 est
619 2823 717 2888 tellus
735 2822 890 2887 Romana
909 2821 1043 2888 Sabinis

226 2931 422 3016 corporibus
443 2941 548 2997 strata
568 2942 685 3015 estque
704 2931 784 3010 suiS‚
805 2931 986 3016 generique
1005 2951 1159 2996 cruorem

227 3042 391 3126 sanguine
412 3064 489 3107 cum
511 3042 615 3107 soceri
636 3041 831 3126 permiscuit
851 3040 973 3125 impius
994 3040 1093 3117 ensis,

226 3171 307 3234 pace
327 3160 439 3216 tamen
461 3152 533 3216 sisti
555 3152 681 3217 bellum
701 3172 763 3216 nec
784 3150 818 3215 in
839 3150 957 3215 ultima
980 3148 1071 3214 ferro

112 3327 117 3334 ,
226 3260 396 3325 decertare
418 3260 525 3344 placet
548 3260 753 3344 Tatiumque
775 3259 931 3324 accedere
952 3278 1066 3342 regno.

273 3367 453 3434 Occiderat
470 3368 601 3446 Tatius,
621 3368 820 3453 populisque
836 3376 978 3450 aequata
996 3365 1137 3444 duobus,

228 3476 381 3555 Romule,
400 3477 473 3543 iura
492 3477 606 3556 dabas,
625 3477 734 3562 posita
752 3498 830 3542 cum
848 3475 976 3541 casside
995 3475 1136 3539 Mavors

226 3585 349 3650 talibus
370 3586 508 3652 adfatur
528 3587 712 3670 divumque
734 3584 976 3667 hominumque
995 3593 1186 3667 parentem:

228 3693 398 3778 ‘Tempus
422 3696 527 3773 adest,
550 3695 695 3780 genitor,
717 3693 878 3778 quoniam
902 3691 1101 3758 fundamine
1123 3712 1250 3776 magno

227 3825 280 3868 res
303 3804 457 3870 Romana
480 3806 569 3871 valet
590 3826 651 3870 nec
672 3803 826 3888 praeside
848 3802 970 3885 pendet
992 3801 1034 3866 ab
1055 3822 1134 3878 uno,
