<?xml version="1.0" encoding="UTF-8"?>
<!DOCTYPE html PUBLIC "-//W3C//DTD XHTML 1.0 Transitional//EN"
    "http://www.w3.org/TR/xhtml1/DTD/xhtml1-transitional.dtd">
<html xmlns="http://www.w3.org/1999/xhtml" xml:lang="en" lang="en">
 <head>
  <title>
</title>
<meta http-equiv="Content-Type" content="text/html;charset=utf-8" />
  <meta name='ocr-system' content='tesseract 3.04.00' />
  <meta name='ocr-capabilities' content='ocr_page ocr_carea ocr_par ocr_line ocrx_word'/>
</head>
<body>
  <div class='ocr_page' id='page_1' title='image "./selectionsfromo01ovidgoog_0154.png"; bbox 0 0 3042 4475; ppageno 0'>
   <div class='ocr_carea' id='block_1_1' title="bbox 221 258 1021 341">
    <p class='ocr_par' dir='ltr' id='par_1_1' title="bbox 221 258 1021 341">
     <span class='ocr_line' id='line_1_1' title="bbox 221 258 1021 341; baseline 0 -30"><span class='ocrx_word' id='word_1_1' title='bbox 221 276 264 341; x_wconf 89' lang='lat'>94</span> <span class='ocrx_word' id='word_1_2' title='bbox 512 258 755 313; x_wconf 87' lang='lat' dir='ltr'>SELECTIONS</span> <span class='ocrx_word' id='word_1_3' title='bbox 785 258 895 312; x_wconf 91' lang='lat' dir='ltr'>FROM</span> <span class='ocrx_word' id='word_1_4' title='bbox 923 258 1021 313; x_wconf 91' lang='lat' dir='ltr'>OVID</span> 
     </span>
    </p>
   </div>
   <div class='ocr_carea' id='block_1_2' title="bbox 190 438 1317 3900">
    <p class='ocr_par' dir='ltr' id='par_1_2' title="bbox 190 438 1317 3900">
     <span class='ocr_line' id='line_1_2' title="bbox 224 438 1175 523; baseline 0.001 -22"><span class='ocrx_word' id='word_1_5' title='bbox 224 438 420 523; x_wconf 89' lang='lat' dir='ltr'>coniugium</span> <span class='ocrx_word' id='word_1_6' title='bbox 442 439 577 503; x_wconf 91' lang='lat' dir='ltr'>crudele</span> <span class='ocrx_word' id='word_1_7' title='bbox 598 459 711 503; x_wconf 92' lang='lat' dir='ltr'>meum</span> <span class='ocrx_word' id='word_1_8' title='bbox 733 448 792 503; x_wconf 90' lang='lat' dir='ltr'>est.</span> <span class='ocrx_word' id='word_1_9' title='bbox 840 438 916 504; x_wconf 88' lang='lat' dir='ltr'>Tibi</span> <span class='ocrx_word' id='word_1_10' title='bbox 938 439 1063 504; x_wconf 91' lang='lat' dir='ltr'>nubere</span> <span class='ocrx_word' id='word_1_11' title='bbox 1083 438 1175 502; x_wconf 88' lang='lat' dir='ltr'>nulla</span> 
     </span>
     <span class='ocr_line' id='line_1_3' title="bbox 225 547 987 631; baseline 0.005 -23"><span class='ocrx_word' id='word_1_12' title='bbox 225 547 324 624; x_wconf 92' lang='lat' dir='ltr'>nolet,</span> <span class='ocrx_word' id='word_1_13' title='bbox 349 556 381 612; x_wconf 93' lang='lat' dir='ltr'>et</span> <span class='ocrx_word' id='word_1_14' title='bbox 404 547 512 631; x_wconf 91' lang='lat' dir='ltr'>optari</span> <span class='ocrx_word' id='word_1_15' title='bbox 535 560 630 631; x_wconf 91' lang='lat' dir='ltr'>potes</span> <span class='ocrx_word' id='word_1_16' title='bbox 653 569 672 612; x_wconf 93' lang='lat' dir='ltr'>a</span> <span class='ocrx_word' id='word_1_17' title='bbox 698 548 846 631; x_wconf 85' lang='lat' dir='ltr'>sapiente</span> <span class='ocrx_word' id='word_1_18' title='bbox 870 547 987 631; x_wconf 92' lang='lat' dir='ltr'>puella.</span> 
     </span>
     <span class='ocr_line' id='line_1_4' title="bbox 225 654 1248 739; baseline -0.001 -19"><span class='ocrx_word' id='word_1_19' title='bbox 225 654 294 720; x_wconf 93' lang='lat' dir='ltr'>Cur</span> <span class='ocrx_word' id='word_1_20' title='bbox 314 667 426 722; x_wconf 88' lang='lat' dir='ltr'>tamen</span> <span class='ocrx_word' id='word_1_21' title='bbox 444 666 494 721; x_wconf 89' lang='lat' dir='ltr'>est</span> <span class='ocrx_word' id='word_1_22' title='bbox 513 656 595 721; x_wconf 93' lang='lat' dir='ltr'>mihi</span> <span class='ocrx_word' id='word_1_23' title='bbox 615 677 694 721; x_wconf 91' lang='lat' dir='ltr'>cura</span> <span class='ocrx_word' id='word_1_24' title='bbox 714 656 774 733; x_wconf 92' lang='lat' dir='ltr'>tui,</span> <span class='ocrx_word' id='word_1_25' title='bbox 793 666 843 721; x_wconf 86' lang='lat' dir='ltr'>tot</span> <span class='ocrx_word' id='word_1_26' title='bbox 863 656 929 721; x_wconf 93' lang='lat' dir='ltr'>iam</span> <span class='ocrx_word' id='word_1_27' title='bbox 949 666 1026 721; x_wconf 89' lang='lat' dir='ltr'>ante</span> <span class='ocrx_word' id='word_1_28' title='bbox 1045 655 1248 739; x_wconf 85' lang='lat' dir='ltr'>peremptis?</span> 
     </span>
     <span class='ocr_line' id='line_1_5' title="bbox 224 762 1153 847; baseline 0.002 -20"><span class='ocrx_word' id='word_1_29' title='bbox 224 762 375 828; x_wconf 90' lang='lat' dir='ltr'>Viderit!</span> <span class='ocrx_word' id='word_1_30' title='bbox 422 763 579 841; x_wconf 84' lang='lat' dir='ltr'>Intereat,</span> <span class='ocrx_word' id='word_1_31' title='bbox 600 763 760 847; x_wconf 92' lang='lat' dir='ltr'>quoniam</span> <span class='ocrx_word' id='word_1_32' title='bbox 782 773 832 829; x_wconf 92' lang='lat' dir='ltr'>tot</span> <span class='ocrx_word' id='word_1_33' title='bbox 854 764 953 829; x_wconf 91' lang='lat' dir='ltr'>caede</span> <span class='ocrx_word' id='word_1_34' title='bbox 974 784 1153 847; x_wconf 90' lang='lat' dir='ltr'>procorum</span> 
     </span>
     <span class='ocr_line' id='line_1_6' title="bbox 223 873 1311 958; baseline 0 -21"><span class='ocrx_word' id='word_1_35' title='bbox 223 873 416 938; x_wconf 93' lang='lat' dir='ltr'>admonitus</span> <span class='ocrx_word' id='word_1_36' title='bbox 437 894 504 937; x_wconf 92' lang='lat' dir='ltr'>non</span> <span class='ocrx_word' id='word_1_37' title='bbox 525 883 585 951; x_wconf 89' lang='lat' dir='ltr'>est,</span> <span class='ocrx_word' id='word_1_38' title='bbox 607 873 786 958; x_wconf 87' lang='lat' dir='ltr'>agiturque</span> <span class='ocrx_word' id='word_1_39' title='bbox 807 873 841 937; x_wconf 93' lang='lat' dir='ltr'>in</span> <span class='ocrx_word' id='word_1_40' title='bbox 865 873 975 939; x_wconf 89' lang='lat' dir='ltr'>taedia</span> <span class='ocrx_word' id='word_1_41' title='bbox 996 873 1092 937; x_wconf 91' lang='lat' dir='ltr'>vitae.</span> <span class='ocrx_word' id='word_1_42' title='bbox 1274 887 1311 929; x_wconf 78' lang='lat'>625</span> 
     </span>
     <span class='ocr_line' id='line_1_7' title="bbox 224 980 1106 1065; baseline -0.002 -19"><span class='ocrx_word' id='word_1_43' title='bbox 224 980 364 1047; x_wconf 90' lang='lat' dir='ltr'>Occidet</span> <span class='ocrx_word' id='word_1_44' title='bbox 386 981 440 1046; x_wconf 94' lang='lat' dir='ltr'>hic</span> <span class='ocrx_word' id='word_1_45' title='bbox 463 980 577 1065; x_wconf 90' lang='lat' dir='ltr'>igitur,</span> <span class='ocrx_word' id='word_1_46' title='bbox 600 981 708 1047; x_wconf 91' lang='lat' dir='ltr'>voluit</span> <span class='ocrx_word' id='word_1_47' title='bbox 729 981 808 1065; x_wconf 94' lang='lat' dir='ltr'>quia</span> <span class='ocrx_word' id='word_1_48' title='bbox 831 981 944 1047; x_wconf 91' lang='lat' dir='ltr'>vivere</span> <span class='ocrx_word' id='word_1_49' title='bbox 965 1000 1106 1059; x_wconf 89' lang='lat' dir='ltr'>mecum,</span> 
     </span>
     <span class='ocr_line' id='line_1_8' title="bbox 224 1088 1108 1175; baseline -0.001 -21"><span class='ocrx_word' id='word_1_50' title='bbox 224 1090 466 1175; x_wconf 84' lang='lat' dir='ltr'>indignamque</span> <span class='ocrx_word' id='word_1_51' title='bbox 488 1112 603 1155; x_wconf 89' lang='lat' dir='ltr'>necem</span> <span class='ocrx_word' id='word_1_52' title='bbox 624 1090 769 1173; x_wconf 90' lang='lat' dir='ltr'>pretium</span> <span class='ocrx_word' id='word_1_53' title='bbox 791 1090 937 1174; x_wconf 90' lang='lat' dir='ltr'>patietur</span> <span class='ocrx_word' id='word_1_54' title='bbox 960 1088 1108 1154; x_wconf 87' lang='lat' dir='ltr'>amoris?</span> 
     </span>
     <span class='ocr_line' id='line_1_9' title="bbox 224 1198 1043 1265; baseline 0 -2"><span class='ocrx_word' id='word_1_55' title='bbox 224 1199 303 1264; x_wconf 93' lang='lat' dir='ltr'>Non</span> <span class='ocrx_word' id='word_1_56' title='bbox 325 1199 388 1265; x_wconf 92' lang='lat' dir='ltr'>erit</span> <span class='ocrx_word' id='word_1_57' title='bbox 408 1199 556 1265; x_wconf 90' lang='lat' dir='ltr'>invidiae</span> <span class='ocrx_word' id='word_1_58' title='bbox 577 1199 718 1265; x_wconf 90' lang='lat' dir='ltr'>victoria</span> <span class='ocrx_word' id='word_1_59' title='bbox 739 1208 855 1263; x_wconf 87' lang='lat' dir='ltr'>nostra</span> <span class='ocrx_word' id='word_1_60' title='bbox 878 1198 1043 1263; x_wconf 83' lang='lat' dir='ltr'>ferendae.</span> 
     </span>
     <span class='ocr_line' id='line_1_10' title="bbox 225 1307 1175 1393; baseline -0.003 -18"><span class='ocrx_word' id='word_1_61' title='bbox 225 1308 292 1375; x_wconf 89' lang='lat' dir='ltr'>Sed</span> <span class='ocrx_word' id='word_1_62' title='bbox 313 1330 381 1374; x_wconf 95' lang='lat' dir='ltr'>non</span> <span class='ocrx_word' id='word_1_63' title='bbox 402 1309 498 1393; x_wconf 89' lang='lat' dir='ltr'>culpa</span> <span class='ocrx_word' id='word_1_64' title='bbox 519 1330 593 1373; x_wconf 92' lang='lat' dir='ltr'>mea</span> <span class='ocrx_word' id='word_1_65' title='bbox 613 1318 672 1373; x_wconf 91' lang='lat' dir='ltr'>est.</span> <span class='ocrx_word' id='word_1_66' title='bbox 717 1307 861 1374; x_wconf 93' lang='lat' dir='ltr'>Utinam</span> <span class='ocrx_word' id='word_1_67' title='bbox 882 1307 1043 1373; x_wconf 87' lang='lat' dir='ltr'>desistere</span> <span class='ocrx_word' id='word_1_68' title='bbox 1064 1307 1175 1385; x_wconf 89' lang='lat' dir='ltr'>velles,</span> 
     </span>
     <span class='ocr_line' id='line_1_11' title="bbox 223 1415 1311 1500; baseline -0.002 -18"><span class='ocrx_word' id='word_1_69' title='bbox 223 1426 292 1494; x_wconf 93' lang='lat' dir='ltr'>aut,</span> <span class='ocrx_word' id='word_1_70' title='bbox 311 1417 470 1500; x_wconf 90' lang='lat' dir='ltr'>quoniam</span> <span class='ocrx_word' id='word_1_71' title='bbox 488 1439 522 1482; x_wconf 92' lang='lat' dir='ltr'>es</span> <span class='ocrx_word' id='word_1_72' title='bbox 541 1417 687 1494; x_wconf 93' lang='lat' dir='ltr'>demens,</span> <span class='ocrx_word' id='word_1_73' title='bbox 706 1416 836 1482; x_wconf 91' lang='lat' dir='ltr'>utinam</span> <span class='ocrx_word' id='word_1_74' title='bbox 855 1415 1000 1481; x_wconf 91' lang='lat' dir='ltr'>velocior</span> <span class='ocrx_word' id='word_1_75' title='bbox 1019 1415 1124 1481; x_wconf 91' lang='lat' dir='ltr'>esses!</span> <span class='ocrx_word' id='word_1_76' title='bbox 1274 1428 1311 1471; x_wconf 73' lang='lat'>6³⁰</span> 
     </span>
     <span class='ocr_line' id='line_1_12' title="bbox 224 1523 1212 1614; baseline -0.003 -22"><span class='ocrx_word' id='word_1_77' title='bbox 224 1526 271 1592; x_wconf 80' lang='lat' dir='ltr'>At</span> <span class='ocrx_word' id='word_1_78' title='bbox 291 1548 392 1611; x_wconf 92' lang='lat' dir='ltr'>quam</span> <span class='ocrx_word' id='word_1_79' title='bbox 412 1526 585 1614; x_wconf 88' lang='lat' dir='ltr'>virgineus</span> <span class='ocrx_word' id='word_1_80' title='bbox 604 1525 723 1609; x_wconf 91' lang='lat' dir='ltr'>puerili</span> <span class='ocrx_word' id='word_1_81' title='bbox 743 1526 856 1591; x_wconf 91' lang='lat' dir='ltr'>vultus</span> <span class='ocrx_word' id='word_1_82' title='bbox 876 1524 910 1589; x_wconf 94' lang='lat' dir='ltr'>in</span> <span class='ocrx_word' id='word_1_83' title='bbox 930 1546 988 1590; x_wconf 91' lang='lat' dir='ltr'>ore</span> <span class='ocrx_word' id='word_1_84' title='bbox 1006 1523 1072 1590; x_wconf 89' lang='lat' dir='ltr'>est!</span> <span class='ocrx_word' id='word_1_85' title='bbox 1211 1528 1212 1531; x_wconf 72' lang='grc'>’</span> 
     </span>
     <span class='ocr_line' id='line_1_13' title="bbox 222 1632 1152 1720; baseline -0.004 -19"><span class='ocrx_word' id='word_1_86' title='bbox 222 1636 273 1701; x_wconf 79' lang='lat' dir='ltr'>A!</span> <span class='ocrx_word' id='word_1_87' title='bbox 297 1636 399 1701; x_wconf 91' lang='lat' dir='ltr'>miser</span> <span class='ocrx_word' id='word_1_88' title='bbox 423 1636 647 1720; x_wconf 87' lang='lat' dir='ltr'>Hippomene,</span> <span class='ocrx_word' id='word_1_89' title='bbox 670 1635 794 1700; x_wconf 88' lang='lat' dir='ltr'>nollem</span> <span class='ocrx_word' id='word_1_90' title='bbox 817 1634 876 1700; x_wconf 92' lang='lat' dir='ltr'>tibi</span> <span class='ocrx_word' id='word_1_91' title='bbox 901 1633 972 1699; x_wconf 92' lang='lat' dir='ltr'>visa</span> <span class='ocrx_word' id='word_1_92' title='bbox 997 1632 1152 1699; x_wconf 79' lang='lat' dir='ltr'>fuissem!</span> 
     </span>
     <span class='ocr_line' id='line_1_14' title="bbox 224 1742 1088 1831; baseline -0.005 -20"><span class='ocrx_word' id='word_1_93' title='bbox 224 1745 352 1811; x_wconf 89' lang='lat' dir='ltr'>Vivere</span> <span class='ocrx_word' id='word_1_94' title='bbox 373 1745 497 1831; x_wconf 89' lang='lat' dir='ltr'>dignus</span> <span class='ocrx_word' id='word_1_95' title='bbox 518 1765 601 1810; x_wconf 90' lang='lat' dir='ltr'>eras.</span> <span class='ocrx_word' id='word_1_96' title='bbox 647 1743 749 1828; x_wconf 82' lang='lat' dir='ltr'>Quod</span> <span class='ocrx_word' id='word_1_97' title='bbox 772 1743 798 1807; x_wconf 92' lang='lat' dir='ltr'>si</span> <span class='ocrx_word' id='word_1_98' title='bbox 822 1742 951 1808; x_wconf 84' lang='lat' dir='ltr'>felicior</span> <span class='ocrx_word' id='word_1_99' title='bbox 972 1764 1088 1821; x_wconf 92' lang='lat' dir='ltr'>essem,</span> 
     </span>
     <span class='ocr_line' id='line_1_15' title="bbox 222 1853 1091 1939; baseline -0.002 -20"><span class='ocrx_word' id='word_1_100' title='bbox 222 1877 282 1921; x_wconf 91' lang='lat' dir='ltr'>nec</span> <span class='ocrx_word' id='word_1_101' title='bbox 301 1855 383 1920; x_wconf 92' lang='lat' dir='ltr'>mihi</span> <span class='ocrx_word' id='word_1_102' title='bbox 405 1854 601 1939; x_wconf 88' lang='lat' dir='ltr'>coniugium</span> <span class='ocrx_word' id='word_1_103' title='bbox 621 1854 692 1926; x_wconf 84' lang='lat' dir='ltr'>iata</span> <span class='ocrx_word' id='word_1_104' title='bbox 710 1853 902 1936; x_wconf 89' lang='lat' dir='ltr'>importuna</span> <span class='ocrx_word' id='word_1_105' title='bbox 921 1863 1091 1937; x_wconf 86' lang='lat' dir='ltr'>negarent,</span> 
     </span>
     <span class='ocr_line' id='line_1_16' title="bbox 223 1960 1053 2046; baseline -0.004 -18"><span class='ocrx_word' id='word_1_106' title='bbox 223 1985 310 2028; x_wconf 94' lang='lat' dir='ltr'>unus</span> <span class='ocrx_word' id='word_1_107' title='bbox 329 1984 413 2041; x_wconf 77' lang='lat' dir='ltr'>erae,</span> <span class='ocrx_word' id='word_1_108' title='bbox 435 1984 511 2028; x_wconf 93' lang='lat' dir='ltr'>cum</span> <span class='ocrx_word' id='word_1_109' title='bbox 531 1983 597 2046; x_wconf 91' lang='lat' dir='ltr'>quo</span> <span class='ocrx_word' id='word_1_110' title='bbox 617 1964 744 2028; x_wconf 91' lang='lat' dir='ltr'>sociare</span> <span class='ocrx_word' id='word_1_111' title='bbox 762 1960 884 2026; x_wconf 91' lang='lat' dir='ltr'>cubilia</span> <span class='ocrx_word' id='word_1_112' title='bbox 902 1960 1053 2026; x_wconf 89' lang='lat' dir='ltr'>vellem.&#39;’</span> 
     </span>
     <span class='ocr_line' id='line_1_17' title="bbox 226 2068 1149 2156; baseline -0.003 -20"><span class='ocrx_word' id='word_1_113' title='bbox 226 2072 386 2150; x_wconf 90' lang='lat' dir='ltr'>Dixerat;</span> <span class='ocrx_word' id='word_1_114' title='bbox 409 2082 512 2156; x_wconf 89' lang='lat' dir='ltr'>utque</span> <span class='ocrx_word' id='word_1_115' title='bbox 535 2070 639 2149; x_wconf 92' lang='lat' dir='ltr'>rudis,</span> <span class='ocrx_word' id='word_1_116' title='bbox 663 2069 838 2154; x_wconf 92' lang='lat' dir='ltr'>primoque</span> <span class='ocrx_word' id='word_1_117' title='bbox 863 2068 1029 2154; x_wconf 84' lang='lat' dir='ltr'>Cupidine</span> <span class='ocrx_word' id='word_1_118' title='bbox 1051 2080 1149 2148; x_wconf 91' lang='lat' dir='ltr'>tacta,</span> 
     </span>
     <span class='ocr_line' id='line_1_18' title="bbox 190 2178 1182 2289; baseline -0.001 -44"><span class='ocrx_word' id='word_1_119' title='bbox 190 2180 304 2289; x_wconf 55' lang='lat' dir='ltr'>e-Qid</span> <span class='ocrx_word' id='word_1_120' title='bbox 330 2180 410 2246; x_wconf 91' lang='lat' dir='ltr'>velit</span> <span class='ocrx_word' id='word_1_121' title='bbox 434 2180 604 2266; x_wconf 85' lang='lat' dir='ltr'>ignorans,</span> <span class='ocrx_word' id='word_1_122' title='bbox 628 2189 728 2260; x_wconf 90' lang='lat' dir='ltr'>amat,</span> <span class='ocrx_word' id='word_1_123' title='bbox 754 2189 787 2246; x_wconf 91' lang='lat' dir='ltr'>et</span> <span class='ocrx_word' id='word_1_124' title='bbox 810 2201 878 2245; x_wconf 93' lang='lat' dir='ltr'>non</span> <span class='ocrx_word' id='word_1_125' title='bbox 902 2178 1002 2244; x_wconf 88' lang='lat' dir='ltr'>sentit</span> <span class='ocrx_word' id='word_1_126' title='bbox 1024 2199 1182 2244; x_wconf 89' lang='lat' dir='ltr'>amorem.</span> 
     </span>
     <span class='ocr_line' id='line_1_19' title="bbox 271 2287 1243 2372; baseline -0.001 -20"><span class='ocrx_word' id='word_1_127' title='bbox 271 2287 367 2353; x_wconf 89' lang='lat' dir='ltr'>‘Iam</span> <span class='ocrx_word' id='word_1_128' title='bbox 392 2289 509 2354; x_wconf 92' lang='lat' dir='ltr'>solitos</span> <span class='ocrx_word' id='word_1_129' title='bbox 532 2299 675 2372; x_wconf 91' lang='lat' dir='ltr'>poscunt</span> <span class='ocrx_word' id='word_1_130' title='bbox 697 2309 814 2354; x_wconf 92' lang='lat' dir='ltr'>cursus</span> <span class='ocrx_word' id='word_1_131' title='bbox 836 2288 1044 2372; x_wconf 91' lang='lat' dir='ltr'>populusque</span> <span class='ocrx_word' id='word_1_132' title='bbox 1066 2295 1243 2369; x_wconf 88' lang='lat' dir='ltr'>paterque:</span> 
     </span>
     <span class='ocr_line' id='line_1_20' title="bbox 223 2397 957 2482; baseline -0.003 -19"><span class='ocrx_word' id='word_1_133' title='bbox 223 2420 300 2463; x_wconf 94' lang='lat' dir='ltr'>cum</span> <span class='ocrx_word' id='word_1_134' title='bbox 319 2419 375 2462; x_wconf 92' lang='lat' dir='ltr'>me</span> <span class='ocrx_word' id='word_1_135' title='bbox 394 2397 536 2463; x_wconf 91' lang='lat' dir='ltr'>sollicita</span> <span class='ocrx_word' id='word_1_136' title='bbox 556 2398 665 2482; x_wconf 91' lang='lat' dir='ltr'>proles</span> <span class='ocrx_word' id='word_1_137' title='bbox 686 2397 856 2481; x_wconf 90' lang='lat' dir='ltr'>Neptunia</span> <span class='ocrx_word' id='word_1_138' title='bbox 877 2417 957 2461; x_wconf 91' lang='lat' dir='ltr'>voce</span> 
     </span>
     <span class='ocr_line' id='line_1_21' title="bbox 225 2501 1313 2590; baseline -0.002 -18"><span class='ocrx_word' id='word_1_139' title='bbox 225 2507 358 2572; x_wconf 92' lang='lat' dir='ltr'>invocat</span> <span class='ocrx_word' id='word_1_140' title='bbox 384 2506 617 2590; x_wconf 89' lang='lat' dir='ltr'>Hippomenes</span> <span class='ocrx_word' id='word_1_141' title='bbox 643 2504 662 2532; x_wconf 90' lang='lat'><strong>“</strong></span> <span class='ocrx_word' id='word_1_142' title='bbox 677 2503 843 2588; x_wconf 89' lang='lat' dir='ltr'>Cytherea</span> <span class='ocrx_word' id='word_1_143' title='bbox 857 2502 875 2528; x_wconf 93' lang='lat'>’&#39;</span> <span class='ocrx_word' id='word_1_144' title='bbox 902 2524 966 2587; x_wconf 90' lang='lat' dir='ltr'>que</span> <span class='ocrx_word' id='word_1_145' title='bbox 992 2501 1010 2528; x_wconf 87' lang='lat'><strong>“</strong></span> <span class='ocrx_word' id='word_1_146' title='bbox 1024 2524 1228 2586; x_wconf 88' lang='lat' dir='ltr'>comprecor,</span> <span class='ocrx_word' id='word_1_147' title='bbox 1255 2524 1313 2570; x_wconf 56' lang='lat' dir='ltr'>au&lt;</span> 
     </span>
     <span class='ocr_line' id='line_1_22' title="bbox 318 2614 1314 2680; baseline -0.011 -1"><span class='ocrx_word' id='word_1_148' title='bbox 318 2614 364 2680; x_wconf 92' lang='lat' dir='ltr'>sis</span> <span class='ocrx_word' id='word_1_149' title='bbox 1276 2625 1314 2668; x_wconf 84' lang='lat'>640</span> 
     </span>
     <span class='ocr_line' id='line_1_23' title="bbox 223 2718 1177 2804; baseline -0.004 -16"><span class='ocrx_word' id='word_1_150' title='bbox 223 2723 313 2788; x_wconf 91' lang='lat' dir='ltr'>adsit</span> <span class='ocrx_word' id='word_1_151' title='bbox 327 2722 345 2748; x_wconf 89' lang='lat'>’&#39;</span> <span class='ocrx_word' id='word_1_152' title='bbox 366 2723 412 2788; x_wconf 92' lang='lat' dir='ltr'>ait</span> <span class='ocrx_word' id='word_1_153' title='bbox 435 2721 593 2801; x_wconf 84' lang='lat' dir='ltr'>“nostris</span> <span class='ocrx_word' id='word_1_154' title='bbox 612 2732 644 2788; x_wconf 92' lang='lat' dir='ltr'>et</span> <span class='ocrx_word' id='word_1_155' title='bbox 666 2742 750 2804; x_wconf 91' lang='lat' dir='ltr'>quos</span> <span class='ocrx_word' id='word_1_156' title='bbox 771 2720 871 2798; x_wconf 90' lang='lat' dir='ltr'>dedit,</span> <span class='ocrx_word' id='word_1_157' title='bbox 893 2719 1029 2785; x_wconf 91' lang='lat' dir='ltr'>adiuvet</span> <span class='ocrx_word' id='word_1_158' title='bbox 1050 2718 1177 2804; x_wconf 90' lang='lat' dir='ltr'>ignes.&#39;’</span> 
     </span>
     <span class='ocr_line' id='line_1_24' title="bbox 224 2827 1134 2915; baseline -0.005 -18"><span class='ocrx_word' id='word_1_159' title='bbox 224 2831 354 2898; x_wconf 92' lang='lat' dir='ltr'>Detulit</span> <span class='ocrx_word' id='word_1_160' title='bbox 374 2853 458 2897; x_wconf 87' lang='lat' dir='ltr'>aura</span> <span class='ocrx_word' id='word_1_161' title='bbox 479 2852 592 2915; x_wconf 90' lang='lat' dir='ltr'>preces</span> <span class='ocrx_word' id='word_1_162' title='bbox 613 2830 657 2896; x_wconf 95' lang='lat' dir='ltr'>ad</span> <span class='ocrx_word' id='word_1_163' title='bbox 677 2850 819 2895; x_wconf 87' lang='lat' dir='ltr'>menon</span> <span class='ocrx_word' id='word_1_164' title='bbox 841 2827 955 2894; x_wconf 89' lang='lat' dir='ltr'>invida</span> <span class='ocrx_word' id='word_1_165' title='bbox 977 2829 1134 2906; x_wconf 89' lang='lat' dir='ltr'>blandas;</span> 
     </span>
     <span class='ocr_line' id='line_1_25' title="bbox 223 2924 1244 3024; baseline -0.006 -18"><span class='ocrx_word' id='word_1_166' title='bbox 223 2951 381 3024; x_wconf 93' lang='lat' dir='ltr'>motaque</span> <span class='ocrx_word' id='word_1_167' title='bbox 400 2962 486 3018; x_wconf 93' lang='lat' dir='ltr'>sum,</span> <span class='ocrx_word' id='word_1_168' title='bbox 508 2938 626 3005; x_wconf 83' lang='lat' dir='ltr'>fateor.</span> <span class='ocrx_word' id='word_1_169' title='bbox 673 2938 744 3004; x_wconf 90' lang='lat' dir='ltr'>Nec</span> <span class='ocrx_word' id='word_1_170' title='bbox 764 2924 837 3021; x_wconf 73' lang='lat' dir='ltr'>opi&#39;s</span> <span class='ocrx_word' id='word_1_171' title='bbox 856 2958 950 3003; x_wconf 92' lang='lat' dir='ltr'>mora</span> <span class='ocrx_word' id='word_1_172' title='bbox 972 2938 1073 3023; x_wconf 90' lang='lat' dir='ltr'>longa</span> <span class='ocrx_word' id='word_1_173' title='bbox 1094 2938 1244 3003; x_wconf 90' lang='lat' dir='ltr'>dabatur.</span> 
     </span>
     <span class='ocr_line' id='line_1_26' title="bbox 225 3028 1152 3136; baseline -0.004 -20"><span class='ocrx_word' id='word_1_174' title='bbox 225 3052 287 3116; x_wconf 91' lang='lat' dir='ltr'>Est</span> <span class='ocrx_word' id='word_1_175' title='bbox 307 3071 399 3136; x_wconf 89' lang='lat' dir='ltr'>ager,</span> <span class='ocrx_word' id='word_1_176' title='bbox 421 3028 602 3136; x_wconf 82' lang='lat' dir='ltr'>indigenae</span> <span class='ocrx_word' id='word_1_177' title='bbox 622 3047 851 3113; x_wconf 88' lang='lat' dir='ltr'>Tamasenum</span> <span class='ocrx_word' id='word_1_178' title='bbox 871 3047 1006 3112; x_wconf 90' lang='lat' dir='ltr'>nomine</span> <span class='ocrx_word' id='word_1_179' title='bbox 1027 3046 1152 3124; x_wconf 94' lang='lat' dir='ltr'>dicunt,</span> 
     </span>
     <span class='ocr_line' id='line_1_27' title="bbox 222 3144 1314 3244; baseline -0.012 -19"><span class='ocrx_word' id='word_1_180' title='bbox 222 3159 351 3226; x_wconf 90' lang='lat' dir='ltr'>telluris</span> <span class='ocrx_word' id='word_1_181' title='bbox 370 3144 516 3244; x_wconf 80' lang='lat' dir='ltr'>Cypriae</span> <span class='ocrx_word' id='word_1_182' title='bbox 531 3179 609 3242; x_wconf 90' lang='lat' dir='ltr'>pars</span> <span class='ocrx_word' id='word_1_183' title='bbox 627 3157 765 3241; x_wconf 89' lang='lat' dir='ltr'>optima,</span> <span class='ocrx_word' id='word_1_184' title='bbox 784 3177 885 3239; x_wconf 92' lang='lat' dir='ltr'>quam</span> <span class='ocrx_word' id='word_1_185' title='bbox 903 3155 985 3220; x_wconf 92' lang='lat' dir='ltr'>mihi</span> <span class='ocrx_word' id='word_1_186' title='bbox 1003 3153 1103 3239; x_wconf 91' lang='lat' dir='ltr'>prisci</span> <span class='ocrx_word' id='word_1_187' title='bbox 1256 3169 1314 3212; x_wconf 73' lang='lat' dir='ltr'>ers</span> 
     </span>
     <span class='ocr_line' id='line_1_28' title="bbox 225 3265 1062 3352; baseline -0.008 -17"><span class='ocrx_word' id='word_1_188' title='bbox 225 3291 398 3336; x_wconf 88' lang='lat' dir='ltr'>sacravere</span> <span class='ocrx_word' id='word_1_189' title='bbox 422 3291 526 3347; x_wconf 86' lang='lat' dir='ltr'>senes,</span> <span class='ocrx_word' id='word_1_190' title='bbox 550 3267 749 3352; x_wconf 89' lang='lat' dir='ltr'>templisque</span> <span class='ocrx_word' id='word_1_191' title='bbox 771 3265 927 3331; x_wconf 90' lang='lat' dir='ltr'>accedere</span> <span class='ocrx_word' id='word_1_192' title='bbox 950 3265 1062 3329; x_wconf 89' lang='lat' dir='ltr'>dotem</span> 
     </span>
     <span class='ocr_line' id='line_1_29' title="bbox 223 3373 1132 3452; baseline -0.009 -8"><span class='ocrx_word' id='word_1_193' title='bbox 223 3380 311 3445; x_wconf 89' lang='lat' dir='ltr'>hanc</span> <span class='ocrx_word' id='word_1_194' title='bbox 333 3379 459 3445; x_wconf 91' lang='lat' dir='ltr'>iussere</span> <span class='ocrx_word' id='word_1_195' title='bbox 479 3379 571 3444; x_wconf 93' lang='lat' dir='ltr'>meis.</span> <span class='ocrx_word' id='word_1_196' title='bbox 619 3377 736 3443; x_wconf 89' lang='lat' dir='ltr'>Medio</span> <span class='ocrx_word' id='word_1_197' title='bbox 757 3374 841 3452; x_wconf 88' lang='lat' dir='ltr'>nitet</span> <span class='ocrx_word' id='word_1_198' title='bbox 862 3374 961 3439; x_wconf 91' lang='lat' dir='ltr'>arbor</span> <span class='ocrx_word' id='word_1_199' title='bbox 984 3373 1018 3437; x_wconf 93' lang='lat' dir='ltr'>in</span> <span class='ocrx_word' id='word_1_200' title='bbox 1039 3393 1132 3451; x_wconf 91' lang='lat' dir='ltr'>arvo,</span> 
     </span>
     <span class='ocr_line' id='line_1_30' title="bbox 227 3483 1106 3568; baseline -0.006 -15"><span class='ocrx_word' id='word_1_201' title='bbox 227 3488 321 3554; x_wconf 89' lang='lat' dir='ltr'>fulva</span> <span class='ocrx_word' id='word_1_202' title='bbox 342 3510 485 3566; x_wconf 89' lang='lat' dir='ltr'>comam,</span> <span class='ocrx_word' id='word_1_203' title='bbox 512 3488 605 3552; x_wconf 83' lang='lat' dir='ltr'>fulvo</span> <span class='ocrx_word' id='word_1_204' title='bbox 627 3485 730 3551; x_wconf 89' lang='lat' dir='ltr'>ramis</span> <span class='ocrx_word' id='word_1_205' title='bbox 752 3483 992 3568; x_wconf 88' lang='lat' dir='ltr'>crepitantibus</span> <span class='ocrx_word' id='word_1_206' title='bbox 1013 3504 1106 3548; x_wconf 77' lang='lat' dir='ltr'>auro,</span> 
     </span>
     <span class='ocr_line' id='line_1_31' title="bbox 224 3593 1127 3678; baseline -0.006 -16"><span class='ocrx_word' id='word_1_207' title='bbox 224 3597 317 3663; x_wconf 93' lang='lat' dir='ltr'>Hinc</span> <span class='ocrx_word' id='word_1_208' title='bbox 339 3596 405 3663; x_wconf 89' lang='lat' dir='ltr'>tria</span> <span class='ocrx_word' id='word_1_209' title='bbox 431 3596 519 3662; x_wconf 83' lang='lat' dir='ltr'>forte</span> <span class='ocrx_word' id='word_1_210' title='bbox 541 3618 616 3662; x_wconf 94' lang='lat' dir='ltr'>mea</span> <span class='ocrx_word' id='word_1_211' title='bbox 639 3596 776 3661; x_wconf 89' lang='lat' dir='ltr'>veniens</span> <span class='ocrx_word' id='word_1_212' title='bbox 799 3596 953 3678; x_wconf 90' lang='lat' dir='ltr'>decerpta</span> <span class='ocrx_word' id='word_1_213' title='bbox 979 3593 1127 3658; x_wconf 83' lang='lat' dir='ltr'>ferebam</span> 
     </span>
     <span class='ocr_line' id='line_1_32' title="bbox 225 3701 1317 3790; baseline -0.007 -18"><span class='ocrx_word' id='word_1_214' title='bbox 225 3727 326 3772; x_wconf 89' lang='lat' dir='ltr'>aurea</span> <span class='ocrx_word' id='word_1_215' title='bbox 345 3728 445 3790; x_wconf 88' lang='lat' dir='ltr'>poma</span> <span class='ocrx_word' id='word_1_216' title='bbox 464 3726 584 3771; x_wconf 89' lang='lat' dir='ltr'>manu:</span> <span class='ocrx_word' id='word_1_217' title='bbox 604 3704 752 3788; x_wconf 89' lang='lat' dir='ltr'>nullique</span> <span class='ocrx_word' id='word_1_218' title='bbox 771 3703 915 3768; x_wconf 89' lang='lat' dir='ltr'>videnda</span> <span class='ocrx_word' id='word_1_219' title='bbox 935 3701 999 3767; x_wconf 90' lang='lat' dir='ltr'>nisi</span> <span class='ocrx_word' id='word_1_220' title='bbox 1020 3701 1082 3785; x_wconf 88' lang='lat' dir='ltr'>ipsi</span> <span class='ocrx_word' id='word_1_221' title='bbox 1277 3713 1317 3757; x_wconf 76' lang='lat'>⁶5⁰</span> 
     </span>
     <span class='ocr_line' id='line_1_33' title="bbox 225 3810 1104 3900; baseline -0.002 -21"><span class='ocrx_word' id='word_1_222' title='bbox 225 3814 462 3900; x_wconf 89' lang='lat' dir='ltr'>Hippomenen</span> <span class='ocrx_word' id='word_1_223' title='bbox 484 3813 553 3880; x_wconf 94' lang='lat' dir='ltr'>adii</span> <span class='ocrx_word' id='word_1_224' title='bbox 577 3813 751 3897; x_wconf 89' lang='lat' dir='ltr'>docuique,</span> <span class='ocrx_word' id='word_1_225' title='bbox 773 3811 847 3895; x_wconf 93' lang='lat' dir='ltr'>quis</span> <span class='ocrx_word' id='word_1_226' title='bbox 870 3832 951 3876; x_wconf 92' lang='lat' dir='ltr'>usus</span> <span class='ocrx_word' id='word_1_227' title='bbox 973 3811 1007 3877; x_wconf 92' lang='lat' dir='ltr'>in</span> <span class='ocrx_word' id='word_1_228' title='bbox 1030 3810 1104 3878; x_wconf 82' lang='lat' dir='ltr'>illis.</span> 
     </span>
    </p>
   </div>
   <div class='ocr_carea' id='block_1_3' title="bbox 0 0 1528 4475">
    <p class='ocr_par' dir='ltr' id='par_1_3' title="bbox 0 0 1528 4475">
     <span class='ocr_line' id='line_1_34' title="bbox 0 0 1528 4475; baseline 0 0"><span class='ocrx_word' id='word_1_229' title='bbox 0 0 1528 4475; x_wconf 95' lang='lat' dir='ltr'> </span> 
     </span>
    </p>
   </div>
  </div>
 </body>
</html>
