<?xml version="1.0" encoding="UTF-8"?>
<!DOCTYPE html PUBLIC "-//W3C//DTD XHTML 1.0 Transitional//EN"
    "http://www.w3.org/TR/xhtml1/DTD/xhtml1-transitional.dtd">
<html xmlns="http://www.w3.org/1999/xhtml" xml:lang="en" lang="en">
 <head>
  <title>
</title>
<meta http-equiv="Content-Type" content="text/html;charset=utf-8" />
  <meta name='ocr-system' content='tesseract 3.04.00' />
  <meta name='ocr-capabilities' content='ocr_page ocr_carea ocr_par ocr_line ocrx_word'/>
</head>
<body>
  <div class='ocr_page' id='page_1' title='image "./selectionsfromo01ovidgoog_0077.png"; bbox 0 0 3042 4475; ppageno 0'>
   <div class='ocr_carea' id='block_1_1' title="bbox 505 293 976 350">
    <p class='ocr_par' dir='ltr' id='par_1_1' title="bbox 505 293 976 350">
     <span class='ocr_line' id='line_1_1' title="bbox 505 293 976 350; baseline 0.006 -3"><span class='ocrx_word' id='word_1_1' title='bbox 505 294 589 347; x_wconf 91' lang='lat' dir='ltr'>THE</span> <span class='ocrx_word' id='word_1_2' title='bbox 617 293 976 350; x_wconf 78' lang='lat' dir='ltr'>METAMORPHOSES</span> 
     </span>
    </p>
   </div>
   <div class='ocr_carea' id='block_1_2' title="bbox 185 472 1194 3959">
    <p class='ocr_par' dir='ltr' id='par_1_2' title="bbox 192 472 1194 1749">
     <span class='ocr_line' id='line_1_2' title="bbox 242 472 1108 561; baseline 0.003 -23"><span class='ocrx_word' id='word_1_3' title='bbox 242 472 302 538; x_wconf 87' lang='lat' dir='ltr'>‘Si</span> <span class='ocrx_word' id='word_1_4' title='bbox 324 485 420 557; x_wconf 89' lang='lat' dir='ltr'>potes</span> <span class='ocrx_word' id='word_1_5' title='bbox 441 474 492 538; x_wconf 92' lang='lat' dir='ltr'>his</span> <span class='ocrx_word' id='word_1_6' title='bbox 513 475 631 541; x_wconf 86' lang='lat' dir='ltr'>saltem</span> <span class='ocrx_word' id='word_1_7' title='bbox 652 476 791 541; x_wconf 89' lang='lat' dir='ltr'>monitis</span> <span class='ocrx_word' id='word_1_8' title='bbox 810 497 929 561; x_wconf 91' lang='lat' dir='ltr'>parere</span> <span class='ocrx_word' id='word_1_9' title='bbox 947 476 1108 561; x_wconf 87' lang='lat' dir='ltr'>parentis,</span> 
     </span>
     <span class='ocr_line' id='line_1_3' title="bbox 192 584 1056 666; baseline 0.005 -20"><span class='ocrx_word' id='word_1_10' title='bbox 192 603 302 665; x_wconf 90' lang='lat' dir='ltr'>parce,</span> <span class='ocrx_word' id='word_1_11' title='bbox 329 604 422 666; x_wconf 87' lang='lat' dir='ltr'>puer,</span> <span class='ocrx_word' id='word_1_12' title='bbox 449 584 602 661; x_wconf 72' lang='lat' dir='ltr'>stimulis</span> <span class='ocrx_word' id='word_1_13' title='bbox 630 596 661 649; x_wconf 94' lang='lat' dir='ltr'>et</span> <span class='ocrx_word' id='word_1_14' title='bbox 689 584 813 650; x_wconf 83' lang='lat' dir='ltr'>fortius</span> <span class='ocrx_word' id='word_1_15' title='bbox 838 596 932 650; x_wconf 90' lang='lat' dir='ltr'>utere</span> <span class='ocrx_word' id='word_1_16' title='bbox 957 585 1056 650; x_wconf 89' lang='lat' dir='ltr'>loris:</span> 
     </span>
     <span class='ocr_line' id='line_1_4' title="bbox 193 693 1150 776; baseline 0.003 -20"><span class='ocrx_word' id='word_1_17' title='bbox 193 702 315 775; x_wconf 91' lang='lat' dir='ltr'>sponte</span> <span class='ocrx_word' id='word_1_18' title='bbox 336 713 397 757; x_wconf 89' lang='lat' dir='ltr'>sua</span> <span class='ocrx_word' id='word_1_19' title='bbox 418 704 615 776; x_wconf 91' lang='lat' dir='ltr'>properant;</span> <span class='ocrx_word' id='word_1_20' title='bbox 636 693 731 759; x_wconf 93' lang='lat' dir='ltr'>labor</span> <span class='ocrx_word' id='word_1_21' title='bbox 751 704 801 759; x_wconf 90' lang='lat' dir='ltr'>est</span> <span class='ocrx_word' id='word_1_22' title='bbox 821 693 971 760; x_wconf 91' lang='lat' dir='ltr'>inhibere</span> <span class='ocrx_word' id='word_1_23' title='bbox 991 695 1150 760; x_wconf 84' lang='lat' dir='ltr'>volentes</span> 
     </span>
     <span class='ocr_line' id='line_1_5' title="bbox 195 802 1109 889; baseline 0.004 -22"><span class='ocrx_word' id='word_1_24' title='bbox 195 802 268 867; x_wconf 91' lang='lat' dir='ltr'>Nec</span> <span class='ocrx_word' id='word_1_25' title='bbox 286 802 346 867; x_wconf 94' lang='lat' dir='ltr'>tibi</span> <span class='ocrx_word' id='word_1_26' title='bbox 366 802 513 868; x_wconf 89' lang='lat' dir='ltr'>directos</span> <span class='ocrx_word' id='word_1_27' title='bbox 531 803 660 887; x_wconf 89' lang='lat' dir='ltr'>placeat</span> <span class='ocrx_word' id='word_1_28' title='bbox 678 803 733 868; x_wconf 94' lang='lat' dir='ltr'>via</span> <span class='ocrx_word' id='word_1_29' title='bbox 751 804 899 888; x_wconf 91' lang='lat' dir='ltr'>quinque</span> <span class='ocrx_word' id='word_1_30' title='bbox 915 825 975 889; x_wconf 88' lang='lat' dir='ltr'>per</span> <span class='ocrx_word' id='word_1_31' title='bbox 993 826 1109 871; x_wconf 89' lang='lat' dir='ltr'>arcus:</span> 
     </span>
     <span class='ocr_line' id='line_1_6' title="bbox 194 912 1068 997; baseline 0.003 -21"><span class='ocrx_word' id='word_1_32' title='bbox 194 922 305 977; x_wconf 88' lang='lat' dir='ltr'>sectus</span> <span class='ocrx_word' id='word_1_33' title='bbox 328 912 362 977; x_wconf 94' lang='lat' dir='ltr'>in</span> <span class='ocrx_word' id='word_1_34' title='bbox 385 913 558 997; x_wconf 87' lang='lat' dir='ltr'>obliquum</span> <span class='ocrx_word' id='word_1_35' title='bbox 580 923 630 980; x_wconf 91' lang='lat' dir='ltr'>est</span> <span class='ocrx_word' id='word_1_36' title='bbox 652 915 720 979; x_wconf 87' lang='lat' dir='ltr'>lato</span> <span class='ocrx_word' id='word_1_37' title='bbox 741 914 939 979; x_wconf 88' lang='lat' dir='ltr'>curvamine</span> <span class='ocrx_word' id='word_1_38' title='bbox 960 914 1068 991; x_wconf 80' lang='lat' dir='ltr'>limeS,</span> 
     </span>
     <span class='ocr_line' id='line_1_7' title="bbox 194 1022 1117 1107; baseline 0.004 -22"><span class='ocrx_word' id='word_1_39' title='bbox 194 1043 424 1106; x_wconf 90' lang='lat' dir='ltr'>zonarumque</span> <span class='ocrx_word' id='word_1_40' title='bbox 447 1022 549 1088; x_wconf 90' lang='lat' dir='ltr'>trium</span> <span class='ocrx_word' id='word_1_41' title='bbox 574 1033 751 1088; x_wconf 88' lang='lat' dir='ltr'>contentus</span> <span class='ocrx_word' id='word_1_42' title='bbox 776 1022 850 1101; x_wconf 86' lang='lat' dir='ltr'>fine,</span> <span class='ocrx_word' id='word_1_43' title='bbox 877 1024 1057 1107; x_wconf 90' lang='lat' dir='ltr'>polumque</span> <span class='ocrx_word' id='word_1_44' title='bbox 1113 1093 1117 1101; x_wconf 72' lang='grc'><em>,</em></span> 
     </span>
     <span class='ocr_line' id='line_1_8' title="bbox 192 1131 1194 1218; baseline 0.002 -21"><span class='ocrx_word' id='word_1_45' title='bbox 192 1131 316 1217; x_wconf 85' lang='lat' dir='ltr'>effugit</span> <span class='ocrx_word' id='word_1_46' title='bbox 339 1132 544 1211; x_wconf 85' lang='lat' dir='ltr'>Australem,</span> <span class='ocrx_word' id='word_1_47' title='bbox 569 1134 783 1218; x_wconf 89' lang='lat' dir='ltr'>iunctamque</span> <span class='ocrx_word' id='word_1_48' title='bbox 805 1134 1032 1218; x_wconf 84' lang='lat' dir='ltr'>Aquilonibus</span> <span class='ocrx_word' id='word_1_49' title='bbox 1055 1134 1194 1201; x_wconf 80' lang='lat' dir='ltr'><strong>Arcton.</strong></span> 
     </span>
     <span class='ocr_line' id='line_1_9' title="bbox 194 1241 1079 1330; baseline 0.006 -26"><span class='ocrx_word' id='word_1_50' title='bbox 194 1241 272 1306; x_wconf 92' lang='lat' dir='ltr'>Hac</span> <span class='ocrx_word' id='word_1_51' title='bbox 295 1242 338 1307; x_wconf 91' lang='lat' dir='ltr'>sit</span> <span class='ocrx_word' id='word_1_52' title='bbox 362 1242 443 1309; x_wconf 91' lang='lat' dir='ltr'>iter:</span> <span class='ocrx_word' id='word_1_53' title='bbox 466 1244 648 1309; x_wconf 83' lang='lat' dir='ltr'>manifesta</span> <span class='ocrx_word' id='word_1_54' title='bbox 671 1255 767 1310; x_wconf 91' lang='lat' dir='ltr'>rotae</span> <span class='ocrx_word' id='word_1_55' title='bbox 788 1244 932 1330; x_wconf 87' lang='lat' dir='ltr'>vestigia</span> <span class='ocrx_word' id='word_1_56' title='bbox 955 1265 1079 1310; x_wconf 75' lang='lat' dir='ltr'>cernes,</span> 
     </span>
     <span class='ocr_line' id='line_1_10' title="bbox 193 1350 1107 1437; baseline 0.002 -21"><span class='ocrx_word' id='word_1_57' title='bbox 193 1350 310 1434; x_wconf 88' lang='lat' dir='ltr'>thue</span> <span class='ocrx_word' id='word_1_58' title='bbox 331 1351 444 1417; x_wconf 81' lang='lat' dir='ltr'>ferant</span> <span class='ocrx_word' id='word_1_59' title='bbox 464 1374 589 1437; x_wconf 90' lang='lat' dir='ltr'>aequos</span> <span class='ocrx_word' id='word_1_60' title='bbox 609 1364 641 1418; x_wconf 92' lang='lat' dir='ltr'>et</span> <span class='ocrx_word' id='word_1_61' title='bbox 660 1354 791 1420; x_wconf 89' lang='lat' dir='ltr'>caelum</span> <span class='ocrx_word' id='word_1_62' title='bbox 810 1363 842 1420; x_wconf 94' lang='lat' dir='ltr'>et</span> <span class='ocrx_word' id='word_1_63' title='bbox 861 1363 951 1419; x_wconf 89' lang='lat' dir='ltr'>terra</span> <span class='ocrx_word' id='word_1_64' title='bbox 968 1354 1107 1430; x_wconf 71' lang='lat' dir='ltr'>calores</span> 
     </span>
     <span class='ocr_line' id='line_1_11' title="bbox 192 1464 1185 1547; baseline 0.002 -22"><span class='ocrx_word' id='word_1_65' title='bbox 192 1482 255 1526; x_wconf 89' lang='lat' dir='ltr'>nec</span> <span class='ocrx_word' id='word_1_66' title='bbox 272 1482 386 1545; x_wconf 86' lang='lat' dir='ltr'><strong>preme</strong></span> <span class='ocrx_word' id='word_1_67' title='bbox 404 1483 464 1527; x_wconf 92' lang='lat' dir='ltr'>nec</span> <span class='ocrx_word' id='word_1_68' title='bbox 481 1484 651 1528; x_wconf 91' lang='lat' dir='ltr'>summum</span> <span class='ocrx_word' id='word_1_69' title='bbox 668 1464 788 1529; x_wconf 91' lang='lat' dir='ltr'>molire</span> <span class='ocrx_word' id='word_1_70' title='bbox 803 1484 865 1547; x_wconf 90' lang='lat' dir='ltr'>per</span> <span class='ocrx_word' id='word_1_71' title='bbox 882 1464 1021 1529; x_wconf 83' lang='lat' dir='ltr'>aethera</span> <span class='ocrx_word' id='word_1_72' title='bbox 1040 1484 1185 1529; x_wconf 87' lang='lat' dir='ltr'>currum.</span> 
     </span>
     <span class='ocr_line' id='line_1_12' title="bbox 192 1570 969 1657; baseline 0.004 -23"><span class='ocrx_word' id='word_1_73' title='bbox 192 1570 307 1636; x_wconf 84' lang='lat' dir='ltr'>Altius</span> <span class='ocrx_word' id='word_1_74' title='bbox 330 1592 487 1657; x_wconf 86' lang='lat' dir='ltr'>egressus</span> <span class='ocrx_word' id='word_1_75' title='bbox 508 1573 662 1639; x_wconf 88' lang='lat' dir='ltr'>caelestia</span> <span class='ocrx_word' id='word_1_76' title='bbox 684 1582 772 1639; x_wconf 92' lang='lat' dir='ltr'>tecta</span> <span class='ocrx_word' id='word_1_77' title='bbox 794 1573 969 1651; x_wconf 72' lang='lat' dir='ltr'>cremabis</span> 
     </span>
     <span class='ocr_line' id='line_1_13' title="bbox 193 1680 926 1749; baseline 0.003 -4"><span class='ocrx_word' id='word_1_78' title='bbox 193 1680 337 1747; x_wconf 82' lang='lat' dir='ltr'>inferius</span> <span class='ocrx_word' id='word_1_79' title='bbox 359 1692 485 1747; x_wconf 89' lang='lat' dir='ltr'>terras:</span> <span class='ocrx_word' id='word_1_80' title='bbox 506 1682 622 1748; x_wconf 91' lang='lat' dir='ltr'>medio</span> <span class='ocrx_word' id='word_1_81' title='bbox 643 1683 832 1749; x_wconf 85' lang='lat' dir='ltr'>tutissimus</span> <span class='ocrx_word' id='word_1_82' title='bbox 855 1682 926 1748; x_wconf 89' lang='lat' dir='ltr'>ibis.</span> 
     </span>
    </p>

    <p class='ocr_par' dir='ltr' id='par_1_3' title="bbox 191 1791 1130 2646">
     <span class='ocr_line' id='line_1_14' title="bbox 195 1791 1072 1877; baseline 0.003 -22"><span class='ocrx_word' id='word_1_83' title='bbox 195 1791 272 1856; x_wconf 94' lang='lat' dir='ltr'>Neu</span> <span class='ocrx_word' id='word_1_84' title='bbox 291 1801 324 1856; x_wconf 91' lang='lat' dir='ltr'>te</span> <span class='ocrx_word' id='word_1_85' title='bbox 340 1791 512 1856; x_wconf 85' lang='lat' dir='ltr'>dexterior</span> <span class='ocrx_word' id='word_1_86' title='bbox 531 1802 659 1857; x_wconf 89' lang='lat' dir='ltr'>tortum</span> <span class='ocrx_word' id='word_1_87' title='bbox 679 1792 821 1857; x_wconf 91' lang='lat' dir='ltr'>declinet</span> <span class='ocrx_word' id='word_1_88' title='bbox 839 1792 881 1857; x_wconf 90' lang='lat' dir='ltr'>ad</span> <span class='ocrx_word' id='word_1_89' title='bbox 901 1792 1072 1877; x_wconf 85' lang='lat' dir='ltr'>Anguem,</span> 
     </span>
     <span class='ocr_line' id='line_1_15' title="bbox 194 1899 1105 1984; baseline 0.004 -21"><span class='ocrx_word' id='word_1_90' title='bbox 194 1920 279 1964; x_wconf 86' lang='lat' dir='ltr'>neve</span> <span class='ocrx_word' id='word_1_91' title='bbox 303 1899 492 1965; x_wconf 88' lang='lat' dir='ltr'><strong>sinisterior</strong></span> <span class='ocrx_word' id='word_1_92' title='bbox 513 1922 664 1984; x_wconf 87' lang='lat' dir='ltr'>pressam</span> <span class='ocrx_word' id='word_1_93' title='bbox 688 1910 763 1967; x_wconf 91' lang='lat' dir='ltr'>rota</span> <span class='ocrx_word' id='word_1_94' title='bbox 786 1902 886 1968; x_wconf 90' lang='lat' dir='ltr'>ducat</span> <span class='ocrx_word' id='word_1_95' title='bbox 910 1901 953 1967; x_wconf 87' lang='lat' dir='ltr'>ad</span> <span class='ocrx_word' id='word_1_96' title='bbox 979 1902 1105 1967; x_wconf 86' lang='lat' dir='ltr'>Aram:</span> 
     </span>
     <span class='ocr_line' id='line_1_16' title="bbox 192 2009 1095 2094; baseline 0.003 -22"><span class='ocrx_word' id='word_1_97' title='bbox 192 2009 281 2073; x_wconf 91' lang='lat' dir='ltr'>inter</span> <span class='ocrx_word' id='word_1_98' title='bbox 301 2019 483 2094; x_wconf 91' lang='lat' dir='ltr'>utrumque</span> <span class='ocrx_word' id='word_1_99' title='bbox 501 2021 590 2077; x_wconf 90' lang='lat' dir='ltr'>tene.</span> <span class='ocrx_word' id='word_1_100' title='bbox 636 2010 808 2076; x_wconf 87' lang='lat' dir='ltr'>Fortunae</span> <span class='ocrx_word' id='word_1_101' title='bbox 828 2022 940 2076; x_wconf 88' lang='lat' dir='ltr'>cetera</span> <span class='ocrx_word' id='word_1_102' title='bbox 959 2012 1095 2088; x_wconf 90' lang='lat' dir='ltr'>mando,</span> 
     </span>
     <span class='ocr_line' id='line_1_17' title="bbox 191 2118 1130 2205; baseline 0.001 -22"><span class='ocrx_word' id='word_1_103' title='bbox 191 2140 279 2202; x_wconf 88' lang='lat' dir='ltr'>quae</span> <span class='ocrx_word' id='word_1_104' title='bbox 297 2118 389 2185; x_wconf 89' lang='lat' dir='ltr'>iuvet</span> <span class='ocrx_word' id='word_1_105' title='bbox 406 2130 437 2185; x_wconf 93' lang='lat' dir='ltr'>et</span> <span class='ocrx_word' id='word_1_106' title='bbox 456 2120 585 2198; x_wconf 70' lang='lat' dir='ltr'>melius</span> <span class='ocrx_word' id='word_1_107' title='bbox 603 2142 705 2204; x_wconf 88' lang='lat' dir='ltr'>quam</span> <span class='ocrx_word' id='word_1_108' title='bbox 724 2124 761 2185; x_wconf 88' lang='lat' dir='ltr'>tu</span> <span class='ocrx_word' id='word_1_109' title='bbox 779 2120 850 2198; x_wconf 92' lang='lat' dir='ltr'>tibi,</span> <span class='ocrx_word' id='word_1_110' title='bbox 869 2121 1023 2185; x_wconf 92' lang='lat' dir='ltr'>consulat</span> <span class='ocrx_word' id='word_1_111' title='bbox 1040 2131 1130 2205; x_wconf 83' lang='lat' dir='ltr'>opto.</span> 
     </span>
     <span class='ocr_line' id='line_1_18' title="bbox 192 2228 1082 2318; baseline 0 -24"><span class='ocrx_word' id='word_1_112' title='bbox 192 2228 290 2318; x_wconf 74' lang='lat' dir='ltr'>Dum⁸</span> <span class='ocrx_word' id='word_1_113' title='bbox 309 2229 438 2314; x_wconf 93' lang='lat' dir='ltr'>loquor,</span> <span class='ocrx_word' id='word_1_114' title='bbox 463 2230 630 2314; x_wconf 90' lang='lat' dir='ltr'>Hesperio</span> <span class='ocrx_word' id='word_1_115' title='bbox 651 2230 780 2315; x_wconf 88' lang='lat' dir='ltr'>positas</span> <span class='ocrx_word' id='word_1_116' title='bbox 800 2230 835 2296; x_wconf 92' lang='lat' dir='ltr'>in</span> <span class='ocrx_word' id='word_1_117' title='bbox 857 2230 954 2296; x_wconf 91' lang='lat' dir='ltr'>litore</span> <span class='ocrx_word' id='word_1_118' title='bbox 976 2242 1082 2296; x_wconf 88' lang='lat' dir='ltr'>metas</span> 
     </span>
     <span class='ocr_line' id='line_1_19' title="bbox 192 2339 1128 2430; baseline 0.001 -26"><span class='ocrx_word' id='word_1_119' title='bbox 192 2339 309 2404; x_wconf 87' lang='lat' dir='ltr'>umida</span> <span class='ocrx_word' id='word_1_120' title='bbox 330 2361 401 2404; x_wconf 86' lang='lat' dir='ltr'>nox</span> <span class='ocrx_word' id='word_1_121' title='bbox 422 2339 546 2424; x_wconf 89' lang='lat' dir='ltr'>tetigit.</span> <span class='ocrx_word' id='word_1_122' title='bbox 594 2339 674 2405; x_wconf 92' lang='lat' dir='ltr'>Non</span> <span class='ocrx_word' id='word_1_123' title='bbox 696 2352 747 2406; x_wconf 87' lang='lat' dir='ltr'>est</span> <span class='ocrx_word' id='word_1_124' title='bbox 767 2361 864 2430; x_wconf 84' lang='lat' dir='ltr'>mora</span> <span class='ocrx_word' id='word_1_125' title='bbox 885 2340 991 2405; x_wconf 89' lang='lat' dir='ltr'>libera</span> <span class='ocrx_word' id='word_1_126' title='bbox 1012 2341 1128 2406; x_wconf 91' lang='lat' dir='ltr'>nobis:</span> 
     </span>
     <span class='ocr_line' id='line_1_20' title="bbox 193 2448 1051 2534; baseline 0.001 -21"><span class='ocrx_word' id='word_1_127' title='bbox 193 2448 382 2532; x_wconf 91' lang='lat' dir='ltr'>poscimur:</span> <span class='ocrx_word' id='word_1_128' title='bbox 410 2449 551 2534; x_wconf 87' lang='lat' dir='ltr'>effulget</span> <span class='ocrx_word' id='word_1_129' title='bbox 577 2449 722 2514; x_wconf 91' lang='lat' dir='ltr'>tenebris</span> <span class='ocrx_word' id='word_1_130' title='bbox 749 2449 885 2513; x_wconf 87' lang='lat' dir='ltr'>Aurora</span> <span class='ocrx_word' id='word_1_131' title='bbox 913 2448 1051 2532; x_wconf 83' lang='lat' dir='ltr'>fugatis</span> 
     </span>
     <span class='ocr_line' id='line_1_21' title="bbox 193 2545 1017 2646; baseline 0.002 -24"><span class='ocrx_word' id='word_1_132' title='bbox 193 2555 336 2646; x_wconf 84' lang='lat' dir='ltr'>Corripe</span> <span class='ocrx_word' id='word_1_133' title='bbox 354 2558 425 2634; x_wconf 80' lang='lat' dir='ltr'>lota</span> <span class='ocrx_word' id='word_1_134' title='bbox 446 2579 559 2636; x_wconf 89' lang='lat' dir='ltr'>manu,</span> <span class='ocrx_word' id='word_1_135' title='bbox 580 2558 644 2636; x_wconf 86' lang='lat' dir='ltr'>vel,</span> <span class='ocrx_word' id='word_1_136' title='bbox 665 2558 692 2623; x_wconf 89' lang='lat' dir='ltr'>si</span> <span class='ocrx_word' id='word_1_137' title='bbox 714 2558 876 2624; x_wconf 87' lang='lat' dir='ltr'>mutabile</span> <span class='ocrx_word' id='word_1_138' title='bbox 893 2545 1017 2643; x_wconf 83' lang='lat' dir='ltr'>pectus</span> 
     </span>
    </p>

    <p class='ocr_par' dir='ltr' id='par_1_4' title="bbox 190 2665 1165 3078">
     <span class='ocr_line' id='line_1_22' title="bbox 191 2665 1042 2745; baseline 0 -15"><span class='ocrx_word' id='word_1_139' title='bbox 191 2676 242 2731; x_wconf 89' lang='lat' dir='ltr'>est</span> <span class='ocrx_word' id='word_1_140' title='bbox 261 2666 332 2744; x_wconf 92' lang='lat' dir='ltr'>tibi,</span> <span class='ocrx_word' id='word_1_141' title='bbox 353 2665 513 2745; x_wconf 87' lang='lat' dir='ltr'>consiliis,</span> <span class='ocrx_word' id='word_1_142' title='bbox 532 2689 600 2732; x_wconf 91' lang='lat' dir='ltr'>non</span> <span class='ocrx_word' id='word_1_143' title='bbox 620 2666 774 2732; x_wconf 89' lang='lat' dir='ltr'>curribus</span> <span class='ocrx_word' id='word_1_144' title='bbox 793 2678 886 2732; x_wconf 89' lang='lat' dir='ltr'>utere</span> <span class='ocrx_word' id='word_1_145' title='bbox 905 2667 1042 2745; x_wconf 90' lang='lat' dir='ltr'>nostris,</span> 
     </span>
     <span class='ocr_line' id='line_1_23' title="bbox 191 2775 1107 2859; baseline 0 -19"><span class='ocrx_word' id='word_1_146' title='bbox 191 2777 273 2840; x_wconf 92' lang='lat' dir='ltr'>dum</span> <span class='ocrx_word' id='word_1_147' title='bbox 295 2786 400 2859; x_wconf 76' lang='lat' dir='ltr'>potes</span> <span class='ocrx_word' id='word_1_148' title='bbox 423 2786 456 2840; x_wconf 91' lang='lat' dir='ltr'>et</span> <span class='ocrx_word' id='word_1_149' title='bbox 477 2775 594 2840; x_wconf 89' lang='lat' dir='ltr'>solidis</span> <span class='ocrx_word' id='word_1_150' title='bbox 615 2775 807 2840; x_wconf 88' lang='lat' dir='ltr'>etiamnunc</span> <span class='ocrx_word' id='word_1_151' title='bbox 829 2775 963 2841; x_wconf 90' lang='lat' dir='ltr'>sedibus</span> <span class='ocrx_word' id='word_1_152' title='bbox 983 2776 1107 2852; x_wconf 87' lang='lat' dir='ltr'>adstas,</span> 
     </span>
     <span class='ocr_line' id='line_1_24' title="bbox 191 2885 1165 2968; baseline 0.001 -19"><span class='ocrx_word' id='word_1_153' title='bbox 191 2885 340 2968; x_wconf 91' lang='lat' dir='ltr'>dumque</span> <span class='ocrx_word' id='word_1_154' title='bbox 359 2885 448 2950; x_wconf 92' lang='lat' dir='ltr'>male</span> <span class='ocrx_word' id='word_1_155' title='bbox 468 2895 601 2968; x_wconf 90' lang='lat' dir='ltr'>optatos</span> <span class='ocrx_word' id='word_1_156' title='bbox 620 2885 773 2950; x_wconf 92' lang='lat' dir='ltr'>nondum</span> <span class='ocrx_word' id='word_1_157' title='bbox 790 2885 917 2968; x_wconf 89' lang='lat' dir='ltr'>premis</span> <span class='ocrx_word' id='word_1_158' title='bbox 936 2885 1061 2951; x_wconf 88' lang='lat' dir='ltr'>inscius</span> <span class='ocrx_word' id='word_1_159' title='bbox 1079 2907 1165 2951; x_wconf 87' lang='lat' dir='ltr'>axes</span> 
     </span>
     <span class='ocr_line' id='line_1_25' title="bbox 190 2994 1129 3078; baseline 0 -19"><span class='ocrx_word' id='word_1_160' title='bbox 190 2995 290 3078; x_wconf 82' lang='lat' dir='ltr'>Quae</span> <span class='ocrx_word' id='word_1_161' title='bbox 309 3005 402 3059; x_wconf 89' lang='lat' dir='ltr'>tutus</span> <span class='ocrx_word' id='word_1_162' title='bbox 422 3004 559 3078; x_wconf 74' lang='lat' dir='ltr'>spectes</span> <span class='ocrx_word' id='word_1_163' title='bbox 580 2994 651 3060; x_wconf 90' lang='lat' dir='ltr'>sine</span> <span class='ocrx_word' id='word_1_164' title='bbox 670 3015 724 3059; x_wconf 94' lang='lat' dir='ltr'>me</span> <span class='ocrx_word' id='word_1_165' title='bbox 744 2994 825 3060; x_wconf 87' lang='lat' dir='ltr'>dare</span> <span class='ocrx_word' id='word_1_166' title='bbox 844 2994 971 3059; x_wconf 92' lang='lat' dir='ltr'>lumina</span> <span class='ocrx_word' id='word_1_167' title='bbox 990 2994 1106 3059; x_wconf 86' lang='lat' dir='ltr'>terris!</span> <span class='ocrx_word' id='word_1_168' title='bbox 1122 2994 1129 3018; x_wconf 93' lang='lat'>’</span> 
     </span>
    </p>

    <p class='ocr_par' dir='ltr' id='par_1_5' title="bbox 189 3101 1194 3514">
     <span class='ocr_line' id='line_1_26' title="bbox 238 3101 1076 3187; baseline -0.001 -18"><span class='ocrx_word' id='word_1_169' title='bbox 238 3103 392 3186; x_wconf 90' lang='lat' dir='ltr'>Occupat</span> <span class='ocrx_word' id='word_1_170' title='bbox 411 3103 465 3169; x_wconf 90' lang='lat' dir='ltr'>ille</span> <span class='ocrx_word' id='word_1_171' title='bbox 483 3103 589 3169; x_wconf 89' lang='lat' dir='ltr'>levem</span> <span class='ocrx_word' id='word_1_172' title='bbox 608 3101 753 3170; x_wconf 87' lang='lat' dir='ltr'>iuvenali</span> <span class='ocrx_word' id='word_1_173' title='bbox 772 3125 912 3187; x_wconf 90' lang='lat' dir='ltr'>corpore</span> <span class='ocrx_word' id='word_1_174' title='bbox 929 3125 1076 3179; x_wconf 90' lang='lat' dir='ltr'>currum,</span> 
     </span>
     <span class='ocr_line' id='line_1_27' title="bbox 191 3211 1194 3299; baseline -0.001 -22"><span class='ocrx_word' id='word_1_175' title='bbox 191 3223 323 3299; x_wconf 89' lang='lat' dir='ltr'>statque</span> <span class='ocrx_word' id='word_1_176' title='bbox 344 3233 453 3296; x_wconf 89' lang='lat' dir='ltr'>super,</span> <span class='ocrx_word' id='word_1_177' title='bbox 474 3212 695 3295; x_wconf 90' lang='lat' dir='ltr'>manibusque</span> <span class='ocrx_word' id='word_1_178' title='bbox 715 3213 812 3277; x_wconf 89' lang='lat' dir='ltr'>datas</span> <span class='ocrx_word' id='word_1_179' title='bbox 832 3211 1194 3297; x_wconf 61' lang='lat' dir='ltr'>contingere&#39;hahenas</span> 
     </span>
     <span class='ocr_line' id='line_1_28' title="bbox 189 3320 1011 3406; baseline 0 -20"><span class='ocrx_word' id='word_1_180' title='bbox 189 3322 326 3406; x_wconf 89' lang='lat' dir='ltr'>gaudet,</span> <span class='ocrx_word' id='word_1_181' title='bbox 350 3331 383 3386; x_wconf 93' lang='lat' dir='ltr'>et</span> <span class='ocrx_word' id='word_1_182' title='bbox 407 3321 514 3386; x_wconf 92' lang='lat' dir='ltr'>invito</span> <span class='ocrx_word' id='word_1_183' title='bbox 537 3331 651 3404; x_wconf 87' lang='lat' dir='ltr'>grates</span> <span class='ocrx_word' id='word_1_184' title='bbox 675 3320 746 3406; x_wconf 88' lang='lat' dir='ltr'>agit</span> <span class='ocrx_word' id='word_1_185' title='bbox 771 3320 848 3388; x_wconf 91' lang='lat' dir='ltr'>inde</span> <span class='ocrx_word' id='word_1_186' title='bbox 871 3320 1011 3405; x_wconf 90' lang='lat' dir='ltr'>parenti.</span> 
     </span>
     <span class='ocr_line' id='line_1_29' title="bbox 190 3430 1041 3514; baseline 0 -19"><span class='ocrx_word' id='word_1_187' title='bbox 190 3431 324 3495; x_wconf 79' lang='lat' dir='ltr'>interea</span> <span class='ocrx_word' id='word_1_188' title='bbox 347 3430 500 3494; x_wconf 90' lang='lat' dir='ltr'>volucres</span> <span class='ocrx_word' id='word_1_189' title='bbox 523 3430 645 3514; x_wconf 90' lang='lat' dir='ltr'>Pyrois</span> <span class='ocrx_word' id='word_1_190' title='bbox 667 3440 699 3495; x_wconf 94' lang='lat' dir='ltr'>et</span> <span class='ocrx_word' id='word_1_191' title='bbox 722 3430 818 3495; x_wconf 84' lang='lat' dir='ltr'>Eoiis</span> <span class='ocrx_word' id='word_1_192' title='bbox 839 3441 871 3496; x_wconf 93' lang='lat' dir='ltr'>et</span> <span class='ocrx_word' id='word_1_193' title='bbox 893 3431 1041 3509; x_wconf 79' lang='lat' dir='ltr'>Aethon,</span> 
     </span>
    </p>

    <p class='ocr_par' dir='ltr' id='par_1_6' title="bbox 185 3538 1136 3959">
     <span class='ocr_line' id='line_1_30' title="bbox 190 3538 1129 3624; baseline 0 -19"><span class='ocrx_word' id='word_1_194' title='bbox 190 3538 280 3605; x_wconf 89' lang='lat' dir='ltr'>Solis</span> <span class='ocrx_word' id='word_1_195' title='bbox 299 3538 387 3624; x_wconf 90' lang='lat' dir='ltr'>equi,</span> <span class='ocrx_word' id='word_1_196' title='bbox 407 3549 614 3623; x_wconf 87' lang='lat' dir='ltr'>quartusque</span> <span class='ocrx_word' id='word_1_197' title='bbox 634 3539 803 3624; x_wconf 87' lang='lat' dir='ltr'>Phlegon,</span> <span class='ocrx_word' id='word_1_198' title='bbox 822 3539 1010 3606; x_wconf 92' lang='lat' dir='ltr'>hinnitibus</span> <span class='ocrx_word' id='word_1_199' title='bbox 1028 3561 1129 3606; x_wconf 89' lang='lat' dir='ltr'>auras</span> 
     </span>
     <span class='ocr_line' id='line_1_31' title="bbox 187 3647 1136 3735; baseline 0 -20"><span class='ocrx_word' id='word_1_200' title='bbox 187 3648 407 3715; x_wconf 83' lang='lat' dir='ltr'>flammiferis</span> <span class='ocrx_word' id='word_1_201' title='bbox 427 3647 569 3731; x_wconf 82' lang='lat' dir='ltr'>implent</span> <span class='ocrx_word' id='word_1_202' title='bbox 587 3648 794 3732; x_wconf 90' lang='lat' dir='ltr'>pedibusque</span> <span class='ocrx_word' id='word_1_203' title='bbox 812 3650 973 3735; x_wconf 90' lang='lat' dir='ltr'>repagula</span> <span class='ocrx_word' id='word_1_204' title='bbox 992 3650 1136 3734; x_wconf 90' lang='lat' dir='ltr'>pulsant.</span> 
     </span>
     <span class='ocr_line' id='line_1_32' title="bbox 187 3755 1095 3844; baseline 0.001 -22"><span class='ocrx_word' id='word_1_205' title='bbox 187 3759 287 3844; x_wconf 81' lang='lat' dir='ltr'>Quae</span> <span class='ocrx_word' id='word_1_206' title='bbox 300 3767 480 3842; x_wconf 86' lang='lat' dir='ltr'>postquam</span> <span class='ocrx_word' id='word_1_207' title='bbox 496 3755 635 3841; x_wconf 90' lang='lat' dir='ltr'>Tethys,</span> <span class='ocrx_word' id='word_1_208' title='bbox 652 3757 802 3823; x_wconf 82' lang='lat' dir='ltr'>fatorum</span> <span class='ocrx_word' id='word_1_209' title='bbox 819 3759 938 3842; x_wconf 83' lang='lat' dir='ltr'>ignara</span> <span class='ocrx_word' id='word_1_210' title='bbox 954 3758 1095 3843; x_wconf 72' lang='lat' dir='ltr'>nepotis</span> 
     </span>
     <span class='ocr_line' id='line_1_33' title="bbox 185 3865 989 3959; baseline -0.006 -23"><span class='ocrx_word' id='word_1_211' title='bbox 185 3867 353 3959; x_wconf 86' lang='lat' dir='ltr'>reppulit,¹</span> <span class='ocrx_word' id='word_1_212' title='bbox 367 3877 400 3932; x_wconf 91' lang='lat' dir='ltr'>et</span> <span class='ocrx_word' id='word_1_213' title='bbox 424 3865 514 3931; x_wconf 80' lang='lat' dir='ltr'>iacta</span> <span class='ocrx_word' id='word_1_214' title='bbox 537 3876 588 3932; x_wconf 90' lang='lat' dir='ltr'>est</span> <span class='ocrx_word' id='word_1_215' title='bbox 611 3865 754 3932; x_wconf 89' lang='lat' dir='ltr'>inmensi</span> <span class='ocrx_word' id='word_1_216' title='bbox 776 3867 874 3952; x_wconf 88' lang='lat' dir='ltr'>copia</span> <span class='ocrx_word' id='word_1_217' title='bbox 894 3866 989 3947; x_wconf 89' lang='lat' dir='ltr'>caeli,</span> 
     </span>
    </p>
   </div>
   <div class='ocr_carea' id='block_1_3' title="bbox 0 0 1526 4475">
    <p class='ocr_par' dir='ltr' id='par_1_7' title="bbox 0 0 1526 4475">
     <span class='ocr_line' id='line_1_34' title="bbox 0 0 1526 4475; baseline 0 3"><span class='ocrx_word' id='word_1_218' title='bbox 0 0 1526 4475; x_wconf 95' lang='lat' dir='ltr'> </span> 
     </span>
    </p>
   </div>
  </div>
 </body>
</html>
